2892 4842
587 285 669 337 cat).
689 293 731 339 12.
895 307 899 324 ⁶
1141 286 1205 348 015

1001 373 1011 402 Ι

70 447 191 541 Cepit
202 449 432 524 Numantiam
447 445 577 545 Scipio.
609 452 728 522 Potest
748 453 852 545 igitur
877 454 1060 543 quicquam
1077 454 1204 519 facturn

73 571 180 635 esse,
213 550 307 637 quod
340 572 405 618 non
443 569 562 618 verum
596 551 699 618 inerit
738 553 891 620 futurum
930 549 1036 617 esset
1066 575 1142 618 narn
1170 563 1205 617 ut

74 648 274 732 praeterita
298 671 340 740 en
363 669 443 714 vera
471 645 635 734 dicimus,
668 670 814 736 quornm
853 650 1026 739 superiore
1051 665 1204 735 tempore

74 763 169 809 vera
200 745 304 811 fuerit
337 744 509 812 instantia:
541 746 590 811 sic
627 744 761 834 futura,
802 767 947 835 quorum
990 747 1207 832 consequenti

75 927 231 979 moratam
248 927 295 980 sed
313 928 352 981 sic
368 932 442 983 nulia
462 929 554 991 editio,
568 929 634 982 nulii
659 930 824 993 enuntiatin3
841 932 868 984 in
888 937 953 987 Cod.
972 938 1005 984 tt.
1026 950 1060 983 ne
1078 931 1123 980 iiia
1146 929 1205 996 qui-

77 994 191 1061 scripti.
212 996 292 1047 Grut.
660 1001 719 1050 dem
747 1016 812 1051 veru
835 1010 876 1060 eet
899 1003 965 1053 haec
993 1000 1155 1057 enuntiatio‚·
1179 999 1205 1050 in

117 1081 155 1115 me
179 1065 227 1116 tua
257 1064 360 1133 quidem
391 1083 484 1119 euersa
509 1084 574 1119 aera
594 1075 635 1120 eat
658 1069 971 1124 Etd.nsc.1.etVatt.
989 1089 1022 1123 ne
1040 1071 1088 1122 itia
1103 1069 1207 1136 pridem

78 1132 153 1184 haee
171 1135 350 1201 enuntiatios]
368 1134 412 1187 Sic
429 1138 552 1191 emendat
559 1139 635 1189 Lam·
658 1154 739 1189 uera
757 1155 830 1189 esse
857 1158 922 1193 uera
940 1149 979 1193 est
998 1142 1064 1193 haec
1086 1137 1205 1189 enuistia·

80 1200 175 1264 binus,
190 1205 239 1255 bac
259 1204 408 1257 sententia:
434 1206 457 1257 si
473 1209 522 1257 hoc
544 1222 635 1259 verum
661 1207 717 1269 tio,·
735 1205 762 1259 in
779 1205 829 1258 Ed.
850 1213 913 1261 Asc.
931 1218 958 1263 2.
977 1213 1049 1263 Crat.
1068 1214 1095 1260 et
1114 1210 1205 1258 Hcrw.

81 1277 129 1323 ost
149 1277 202 1322 etc.
221 1274 269 1340 (v.
282 1273 317 1326 ei.
327 1276 433 1342 annet.)
442 1276 550 1338 Collega
562 1278 636 1325 Lam-
658 1292 692 1325 ne
709 1276 776 1326 iam
801 1278 903 1343 quidem
920 1296 985 1329 aera
1007 1287 1047 1331 eet
1069 1279 1133 1328 trrec
1149 1292 1206 1334 en.;
1273 1268 1291 1280 “

81 1339 144 1392 bini
167 1341 220 1407 [P.
230 1344 340 1411 Remus]
358 1347 424 1394 banc
442 1342 497 1394 eius
515 1345 635 1394 emenda·
660 1348 686 1396 in
700 1345 949 1413 Edd.1tob.Steph.
963 1347 1206 1411 Viet.Cur.Stepb.

82 1407 189 1461 tionem
205 1412 302 1463 habere
326 1414 397 1465 ittam
415 1413 518 1479 quidem
536 1412 635 1479 aliquid
660 1415 995 1469 Ram-sturm.Ald.Bont.
1006 1419 1109 1470 Lumhb.
1125 1416 1206 1466 uottr.

81 1475 243 1542 adiumenti,
254 1498 357 1532 sensum
369 1489 457 1533 tamen
470 1483 633 1548 plennmnou
661 1486 738 1534 Brut.
753 1487 827 1549 sylb.
854 1487 953 1538 editum
977 1494 1037 1548 est,
1068 1492 1096 1536 ut
1121 1491 1162 1536 est
1180 1482 1207 1554 iu
1300 1515 1311 1520 -

82 1549 187 1602 hebere
204 1548 348 1601 existimat.
373 1552 481 1602 Sensum
506 1551 635 1618 siqnidem
656 1554 726 1622 Cot.
742 1561 831 1606 nostro
851 1557 883 1606 tt.
902 1555 1006 1623 Reliqui
1026 1553 1205 1607 nobiscumfa·

83 1615 176 1670 videri
194 1619 275 1670 tuisse
291 1620 351 1672 ait:
377 1620 400 1672 si
422 1620 554 1673 sexcentis
570 1625 634 1671 aute
660 1622 744 1674 ciunt.
763 1623 817 1673 Mr.

83 1685 286 1741 caecutientem
302 1691 367 1739 baec
383 1688 635 1755 enuntiatum-impio
697 1692 793 1755 Cepit
822 1692 994 1744 Numantiam
1019 1690 1130 1757 Scipio]
1164 1689 1207 1740 ita

85 1757 260 1809 Nunrantiam
281 1758 461 1825 capistrata
478 1775 530 1810 non
555 1765 636 1819 esset,
661 1759 724 1811 dedi
745 1776 777 1810 ex
795 1754 928 1814 sententia
947 1759 1019 1813 Remi
1044 1768 1072 1812 et
1089 1757 1206 1812 Lambini

85 1842 121 1876 ne
150 1826 294 1879 Numantia
323 1828 424 1894 quidem
455 1844 549 1880 eversa
571 1843 635 1880 vera
661 1846 718 1880 cum
733 1828 956 1897 Dav.01ir.Bip.
973 1830 1148 1889 Bremsm„
1165 1841 1207 1878 ra·

85 1911 158 1947 nnuc
176 1903 215 1947 est
232 1899 297 1948 baec
314 1896 474 1950 enuntiatio:
497 1896 636 1963 &pithu-
661 1897 745 1959 tione,
766 1909 795 1951 ut
811 1900 935 1960 arbitror,
953 1898 1104 1962 flagitantm
1119 1913 1208 1963 quam-

85 1964 216 2016 mantiam
234 1966 332 2033 Scipip.
359 1970 427 2019 bane
444 1966 513 2024 enim
530 1973 636 2019 senteu—
661 1983 739 2035 quarn
773 1968 863 2021 invitis
894 1968 986 2030 tibris,
1013 1967 1057 2033 qui
1082 1965 1208 2018 exhibent

86 2032 154 2087 tiam
178 2035 297 2101 proxime
321 2037 429 2088 collatio
450 2034 583 2104 requirere
610 2035 635 2088 ei
662 2036 767 2103 Capiet.
792 2039 842 2089 Ed.
865 2041 926 2090 Asc.
949 2046 972 2090 1.
998 2037 1080 2088 habet
1103 2035 1208 2101 Capiat.

86 2103 265 2165 steatomati
283 2105 422 2172 praeteriti
439 2107 635 2159 etfuturitem·
663 2106 695 2158 In
713 2122 785 2173 seqq.
810 2106 895 2159 cota.
920 2109 984 2157 Par.
1005 2108 1041 2156 N.
1069 2105 1209 2172 quicquam

87 2173 162 2239 poris
178 2173 278 2226 veritas
297 2175 421 2228 instantis
444 2175 570 2240 temporis
586 2192 635 2229 ve·
662 2193 735 2228 esse
747 2176 979 2240 sactum,Codd.
990 2175 1020 2225 tt.
1030 2177 1058 2225 S.
1070 2174 1209 2242 quicquam

87 2241 171 2294 ritate
188 2243 424 2311 destinatumque
438 2245 635 2311 temporisnibil
657 2249 770 2312 satum
796 2263 863 2297 esse.
890 2244 983 2309 Pergit
1010 2245 1044 2295 U.
1065 2261 1123 2296 cnin
1140 2241 1209 2294 Edd.

88 2320 142 2375 eet,
161 2311 212 2364 uisi
229 2329 364 2380 praesens,
382 2319 411 2364 ut
429 2314 529 2381 physici
548 2314 636 2381 dispu-
663 2318 727 2367 Asc.
745 2322 769 2366 1.
786 2323 812 2368 2.
839 2316 911 2367 Vah.
935 2316 1012 2380 Cret.
1034 2315 1125 2366 Horu.
1142 2313 1211 2379 quod

89 2387 159 2433 tant.
178 2382 247 2448 spa.
268 2384 312 2436 Ita
329 2381 432 2449 quidem
445 2382 636 2451 Ramusdispu·
662 2402 714 2436 noa
732 2383 846 2450 suerit
868 2400 990 2444 oerum.
1031 2385 1127 2435 Vocem
1154 2397 1210 2433 esse

88 2449 161 2502 tavit
186 2449 214 2503 in
239 2453 289 2503 Ed.
315 2452 400 2504 Paris.
425 2459 501 2509 test.
537 2453 589 2504 Sed
609 2453 636 2505 in
663 2462 723 2521 post
740 2457 869 2520 sutorum
894 2452 996 2506 uncinis
1024 2450 1146 2512 inclusit,
1181 2457 1211 2503 nt

90 2518 212 2573 Edssas.
225 2528 301 2574 ista.
315 2539 332 2574 a
342 2520 446 2586 b'reigio
461 2530 562 2580 curata,
575 2528 638 2589 post
664 2523 790 2590 spuriam,
808 2521 937 2585 Bromius,
955 2524 1021 2575 baec
1040 2520 1208 2575 adscribens:

90 2591 175 2643 verba
200 2591 308 2657 pienum
337 2607 389 2641 non
412 2593 508 2644 habent
534 2593 635 2658 pergit:
661 2593 988 2658 „Coniungendurnforetr
1006 2594 1075 2660 quod
1083 2595 1210 2657 futurarm

91 2663 204 2723 ,pensus
221 2661 360 2721 constabit,
377 2660 400 2711 si
418 2665 536 2728 legatur:
558 2662 595 2712 lit
612 2662 638 2713 ei
663 2680 720 2714 csse
743 2681 794 2714 non
816 2681 906 2714 oerum
922 2662 1022 2728 suerit.
1045 2664 1135 2729 quates
1149 2676 1211 2711 con-

13 2729 18 2736 '
92 2740 146 2781 tum
161 2746 213 2780 non
232 2741 300 2782 esset
319 2749 383 2781 cera
401 2733 460 2784 itta
478 2731 637 2793 enuntiatio,
663 2732 822 2785 structiones
839 2731 944 2799 saepius
971 2732 1041 2797 apud
1059 2731 1211 2784 Ciceronem

94 2799 183 2866 Capiet
197 2799 368 2851 Numantiam
381 2802 480 2870 Scipio,
499 2820 532 2852 ne
549 2818 636 2852 aona
664 2804 797 2866 teguntur.
816 2802 938 2854 Forsitan
957 2800 1053 2869 aliquis
1071 2802 1209 2851 ersedete·

91 2868 195 2936 quidem
205 2879 314 2922 sieracst
327 2872 524 2923 enuntiatio
542 2872 637 2924 haec:
665 2872 743 2933 verit,
760 2887 819 2923 cunr
835 2871 998 2936 Chrysippus
1015 2868 1209 2936 refutetur,qni

94 2940 184 3006 Cepit
210 2941 381 2998 Numantiam
410 2941 505 3006 Scipio.
543 2940 637 3007 Logica
663 2960 728 2993 vera
740 2945 842 3006 sutura
866 2958 898 2992 ea
920 2938 1003 3005 dicit,
1020 2957 1087 3007 qnae
1110 2957 1212 2998 emaus.

93 3008 159 3062 enim
176 3016 319 3077 temporum
329 3007 434 3063 collatio
451 3012 522 3062 hunc
536 3027 639 3063 sensum
665 3029 712 3064 cur
729 3011 818 3065 futura
836 3009 899 3070 sint,
911 3009 1037 3062 habeant.
1056 3013 1143 3077 Atque
1152 3027 1210 3061 istrou

95 3076 213 3146 requirit.
256 3081 348 3130 Utruns
371 3092 457 3134 autern
490 3081 582 3133 Cicero
599 3079 638 3132 ita
665 3081 724 3148 pius
742 3081 770 3132 in
789 3083 837 3132 hoc
853 3077 919 3131 libro
944 3078 1041 3149 tegitur
1064 3097 1153 3132 acrum
1177 3080 1212 3129 sit

77 3147 235 3216 ,scripserit
266 3148 387 3202 divinare
413 3149 457 3212 sit,
483 3148 533 3201 nisi
551 3166 638 3200 exem·
659 3154 802 3217 sutorum,
828 3165 918 3199 nomm
938 3151 1075 3214 suturam,
1102 3153 1211 3200 atterum

95 3217 177 3284 pluria
207 3227 374 3269 succurrant:
402 3220 526 3272 debuisse
549 3227 638 3272 antem
665 3235 804 3287 nutrqoam.
823 3221 891 3269 Nam
904 3215 931 3267 iu
948 3235 1010 3268 vero
1024 3214 1212 3269 enuntiationis

96 3290 160 3339 hunc
185 3303 285 3340 sensum
311 3287 398 3355 sequi,
425 3306 467 3340 res
493 3287 551 3354 ipsa
567 3287 639 3353 cogit
665 3288 800 3357 potissima
817 3286 857 3339 vis
874 3285 926 3336 sita
943 3294 994 3339 est.
1014 3289 1214 3350 Ergoersenn-

96 3356 221 3408 confiteri.
265 3359 342 3408 Hanc
381 3357 450 3410 enim
481 3359 639 3411 sententiam
664 3360 701 3412 cis
719 3356 840 3410 inclusi:⁸
860 3358 918 3426 tioc
935 3373 984 3420 ego
1002 3365 1212 3436 praeterucces-

97 3435 210 3479 etc.⁴‘-
228 3428 289 3477 Non
300 3429 384 3478 mate:
403 3429 450 3480 sed
467 3430 541 3488 banc,
562 3444 638 3495 qnam
665 3429 769 3482 nitatem
787 3427 885 3479 facturn
901 3422 1101 3479 esseexrstimo.
1119 3428 1213 3492 Neque

97 3505 152 3564 post
172 3496 321 3548 Lambinnm
343 3497 476 3562 dedimus,
501 3498 640 3549 tectionem
666 3498 735 3551 enim
765 3512 869 3563 semper
901 3498 994 3548 eodeni
1035 3497 1109 3546 modo
1132 3497 1214 3546 debet

97 3565 217 3617 exhibent
234 3565 319 3617 Cudd.
334 3567 415 3619 Vind.
429 3569 505 3618 Α.Β.
521 3574 640 3621 etvetus
667 3568 737 3635 toqui
756 3567 858 3626 Cicero,
875 3583 968 3634 neque,
986 3567 1008 3617 si
1034 3567 1128 3616 aberat
1148 3581 1215 3624 csse,

98 3639 156 3689 Cur.
174 3635 311 3701 Stephani.
351 3637 383 3688 In
407 3639 491 3703 Copp.
508 3638 595 3688 vtctt.
611 3637 640 3688 b.
664 3655 712 3690 cur
729 3637 847 3689 additum
870 3636 906 3688 sit
935 3653 966 3690 a.
980 3633 1112 3696 librariis,
1134 3634 1213 3686 t'acile
1303 3651 1309 3664 ·

97 3717 149 3758 est:
175 3723 207 3756 nc
226 3705 277 3756 tna
298 3705 401 3772 quidem
431 3724 512 3758 ocra
538 3713 640 3759 esset.
666 3705 802 3771 intelligis.
839 3705 872 3756 In
894 3706 960 3758 Cod.
985 3707 1024 3756 Μ.
1047 3713 1088 3757 est
1112 3720 1172 3755 nam
1183 3713 1214 3756 at

97 3793 156 3828 ocra
171 3784 211 3826 eet
225 3776 391 3841 enuntiatio,·
408 3775 435 3829 in
453 3777 519 3830 Cod.
533 3776 595 3828 Par.
607 3793 642 3828 ne
664 3784 856 3846 praecepta
873 3776 931 3829 itta.
946 3777 1020 3827 Idem
1030 3791 1088 3827 mox
1098 3782 1216 3842 tempora

99 3847 141 3899 itla
159 3845 265 3914 quidem
294 3864 379 3898 uera
401 3865 465 3899 uera
497 3854 547 3898 eat
575 3845 641 3898 haec
668 3863 716 3914 pro
734 3853 865 3913 temperet
883 3852 938 3898 tum
953 3849 988 3898 N.
1010 3861 1047 3897 ea
1068 3855 1142 3895 uera.
1162 3846 1215 3897 Mc.

99 3933 152 3978 crt.,·
184 3914 211 3969 iu
241 3916 306 3966 Cod.
332 3918 365 3968 U.
403 3935 435 3969 ne
464 3917 512 3968 itta
538 3916 643 3983 quidem
708 3914 1042 3968 Verat'uerintinstantia:
1060 3917 1216 3981 siefutura,

100 4003 195 4039 uersa
213 3981 283 4036 caii
300 4004 364 4037 aera
386 3995 436 4038 est
456 3988 519 4037 haec
538 4003 597 4048 cu.‚·
616 3985 643 4037 in
669 4002 780 4053 quorum
810 3986 978 4053 consequenti
1010 3993 1125 4052 tempore
1153 4000 1219 4036 uera

101 4054 538 4125 coo.1..e.mtuaqmammm
556 4063 642 4108 esset
669 4063 749 4107 erunt
767 4054 909 4122 instantia]
926 4055 955 4106 Si
972 4053 1007 4107 eit
1025 4055 1051 4107 in
1066 4053 1137 4107 triaco
1151 4070 1218 4106 corn·

101 4144 160 4178 uera
185 4133 293 4184 enunt.‚·
321 4125 348 4178 in
375 4127 441 4179 Cod.
470 4127 511 4178 W.
542 4144 575 4177 nc
596 4126 644 4178 itta
670 4125 746 4177 moda
767 4123 901 4185 σύνταξις,
919 4123 987 4177 nibil
1003 4124 1122 4190 equidem
1136 4130 1218 4176 muta-

102 4195 199 4266 quidcm
214 4211 293 4250 acra
311 4203 410 4250 esset.
439 4195 507 4250 Vera
523 4204 563 4251 est
578 4196 643 4252 tusc
670 4192 1040 4249 connaturationem
1057 4191 1221 4247 mihifassit

866 4267 874 4294 h
