2892 4842
177 376 182 383 Ι
245 302 267 349 X

244 462 301 547 cli,
323 462 480 548 Harlesii,
504 465 638 567 Krebsii
662 468 744 538 aliis.
778 467 1030 554 Qmmnonaisi
1045 468 1133 537 haec
1155 472 1354 559 pentima

245 586 375 657 addere
397 588 504 656 rbum
528 598 597 673 est,
628 593 754 680 partim
769 614 820 661 ex
843 594 977 663 schedis
1001 591 1160 665 Creatori
1185 606 1352 685 excerpta

318 714 431 798 Quam
453 712 574 783 Cicero
598 714 856 785 Divinatiouem
880 714 962 783 dicit
985 717 1019 785 in
1044 716 1166 785 borum
1191 716 1355 789 librorum

244 837 468 927 inscriptione,
500 858 576 904 eam
610 839 715 906 etiam
744 837 958 911 divinitatem
988 845 1159 934 appellat,
1183 840 1251 909 boc
1279 839 1354 929 ipso

194 1032 199 1047 ,
244 965 332 1033 libro
360 963 404 1047 ll,
428 961 487 1032 38.
513 963 647 1051 aliique,
671 961 809 1047 Plinius,
838 962 1042 1049 Lactantius,
1065 963 1209 1055 Sensim
1240 964 1355 1033 Mar·

247 1086 356 1178 τικὴν
389 1088 531 1171 Graeci3
567 1101 601 1158 et
630 1089 749 1158 laudat
780 1089 848 1156 hoc
881 1089 956 1180 ipso
991 1091 1123 1159 nomine
1153 1090 1218 1159 hos
1249 1092 1354 1159 libros

245 1216 419 1289 Plutarch
449 1218 481 1285 in
511 1217 619 1284 Panlo
654 1216 800 1285 Aemilio
839 1238 874 1306 p.
906 1217 979 1286 260
1017 1229 1051 1286 et
1081 1218 1295 1308 Nicephorius
1318 1217 1354 1285 in

245 1345 391 1415 Scholiis
423 1344 457 1411 in
492 1343 670 1433 Synesium
713 1342 756 1410 de
788 1342 960 1412 insomniis
995 1367 1043 1435 p„
1063 1342 1145 1414 359.
1203 1344 1296 1428 Quid
1320 1357 1355 1413 et

246 1472 372 1543 Graeci
408 1483 443 1539 et
476 1469 628 1571 Romani
657 1466 859 1559 Μαντικῆς
897 1482 931 1539 et
975 1470 1190 1539 Divinationis
1223 1472 1355 1540 nomine

246 1604 426 1698 significari
448 1604 622 1685 voluerint,
652 1603 757 1672 fusius
789 1602 925 1691 exponit
954 1599 994 1670 C.
1014 1603 1183 1672 Peucerus
1207 1605 1241 1671 in
1265 1605 1355 1673 libro

247 1732 291 1801 de
324 1731 569 1799 Divinationum
607 1727 795 1799 Generibua
835 1731 895 1799 tot
920 1729 954 1799 5.
981 1729 1063 1800 155.
1088 1730 1169 1843 203.
1188 1730 1260 1799 22ἶ
1280 1755 1355 1822 sqq.

246 1858 327 1929 240.
342 1856 423 1927 255.
438 1856 522 1928 389.
537 1858 619 1929 437.
724 1912 728 1919 ,

324 1986 467 2077 Scripsit
491 1983 611 2055 Cicero
636 1985 700 2054 hos
725 1983 770 2051 de
793 1982 1000 2059 Divinatione
1022 1985 1127 2053 libros
1152 2006 1237 2054 anno
1261 1987 1355 2055 urbis

97 2176 103 2187 ,
247 2111 330 2197 alo,
355 2121 433 2201 post
456 2108 607 2179 Caesaris
622 2131 737 2177 necem
761 2109 880 2198 (quam
899 2122 1063 2177 mensurat
1084 2111 1143 2179 lib.
1158 2114 1201 2180 ll.
1217 2134 1292 2203 cap.
1300 2111 1352 2201 9.)

248 2240 402 2328 adeoque
429 2248 508 2329 post
539 2239 685 2326 reliquos
715 2237 820 2305 libros
852 2237 1031 2327 plurimos,
1062 2261 1140 2307 cnm
1164 2241 1355 2326 motam

248 2368 473 2461 philosophos
498 2364 741 2456 (Hortensium,
765 2364 934 2449 Accam,
960 2363 1005 2431 de
1020 2365 1165 2455 Finibb,
1189 2365 1356 2453 Tuscnll„

249 2499 293 2568 de
316 2500 447 2567 Natura
471 2496 635 2578 Deorum)
661 2494 706 2562 cf.
733 2493 860 2563 initium
884 2493 961 2561 libri
985 2493 1030 2560 ΙΙ.
1053 2492 1098 2561 de
1114 2494 1255 2561 Divinat

322 2624 427 2710 Quod
452 2622 497 2693 ad
520 2623 694 2692 consilium
728 2630 763 2689 et
796 2619 941 2687 indolem
976 2622 1088 2712 operis
1111 2622 1246 2707 attium,
1280 2630 1357 2689 sant

248 2756 286 2824 hi
310 2754 355 2823 de
378 2752 585 2821 Divinatione
612 2749 691 2816 libri
716 2746 967 2836 quodammodo
991 2750 1189 2839 epimetron,
1212 2748 1265 2816 vel
1289 2770 1357 2839 po-

248 2887 313 2954 tius
337 2879 540 2951 continuatio
574 2879 738 2947 librorum
768 2877 812 2947 de
835 2878 912 2949 Nat.
943 2879 1102 2948 Deorum.
1152 2878 1357 2965 Numquae
1427 2957 1430 2963 Ι

249 3014 283 3080 in
307 3012 360 3080 bis
385 3008 553 3076 institutae
577 3016 671 3075 erant
692 3005 739 3073 de
764 3005 863 3073 rebus
887 3004 1004 3072 divinis
1019 3004 1270 3093 disputationes,
1294 3025 1356 3072 eae

248 3139 345 3211 baud
368 3157 538 3226 quaquam
560 3133 606 3202 nd
636 3135 831 3203 umbilicum
863 3133 1030 3203 adductae
1063 3131 1169 3199 sideri
1190 3141 1357 3222 poterant,

249 3269 310 3337 nisi
334 3266 400 3335 hae
424 3287 561 3354 quoque
585 3266 793 3353 quaestiones
818 3264 862 3333 de
886 3261 1034 3352 auguriis
1060 3261 1258 3351 aruspicina,
1277 3281 1356 3325 ora-

250 3400 345 3485 culis,
369 3394 502 3466 somniis
526 3403 562 3461 et
582 3391 749 3482 quidquid
773 3392 818 3462 ad
837 3391 1070 3460 divinationem
1088 3398 1262 3480 praeterea
1276 3408 1358 3476 per-

249 3528 341 3611 tinet3
364 3524 571 3613 disceptatae
594 3534 710 3591 essent.

222 3732 227 3749 ι
321 3652 476 3738 Accedit,
501 3649 595 3738 quod
617 3647 711 3740 apud
734 3647 881 3739 populos
904 3644 1057 3732 antiquos
1081 3640 1235 3729 adeoque
1258 3639 1360 3709 Cice-

250 3780 340 3848 ronis
377 3778 536 3866 aequales
573 3799 638 3844 non
677 3775 798 3865 privati
832 3774 937 3841 modo
961 3771 1129 3841 >homines
1168 3769 1223 3836 hir
1257 3768 1360 3837 rebus

190 3936 196 3951 ·
252 3928 416 3976 summam
439 3904 541 3971 fidem
565 3902 748 3987 habebant,
783 3900 826 3967 ab
851 3900 956 3987 iisque
981 3914 1093 3966 rerum
1116 3918 1250 3964 suarum
1276 3916 1360 3961 con-

252 4035 325 4102 silia
349 4054 507 4123 suspensa
531 4029 709 4099 faciebant.
759 4027 887 4096 Verum
910 3997 984 4116 ipsa
1006 4024 1106 4091 etiam
1129 4025 1360 4092 Romanorum

227 4185 305 4231 ·res
330 4161 468 4252 publica
500 4157 618 4226 iisdem
642 4156 742 4225 rebus
775 4153 1026 4245 quodammodo
1059 4152 1301 4233 continebatur,
1325 4156 1361 4215 et
