2892 4842
210 464 318 543 oculis,
351 476 387 527 ut
414 485 487 528 rera
521 474 677 545 cerneret,
705 469 732 530 is
765 468 898 529 haberet
927 487 1050 530 sensum
1076 468 1235 530 oculorum
1260 492 1334 532 rara

210 571 420 632 cernentium:
440 572 486 633 sic
507 571 546 632 ad
569 573 807 634 confirmandam
828 574 1046 635 divinationem
1067 573 1142 635 satis
1164 575 1213 651 sit,
1236 578 1332 638 semei

209 675 325 757 aliquid
349 677 618 753 eusebianorum,
641 687 678 740 ut
709 679 742 739 id
764 698 826 740 non
856 679 986 741 sonuito
1009 679 1161 741 cecidisse
1182 681 1332 743 rideatur.

210 802 237 843 c.
258 782 309 845 22.
351 783 431 844 Esse
451 791 557 844 antem
584 758 812 861 divinationem,
843 792 971 864 praetor
1000 785 1150 865 exempla,
1173 789 1332 849 confirmat

208 896 274 951 tum
304 908 455 963 consensu
481 889 620 969 gentium
655 896 689 949 ct
721 891 913 971 populorum,
949 910 1115 971 rerumque
1141 893 1331 971 publicarum

207 996 352 1071 omnium,
373 993 629 1074 philosophorum
650 994 744 1055 etium
772 1002 806 1056 et
826 998 998 1075 positarum,
1019 1016 1045 1057 c
1067 998 1098 1057 o
1119 998 1169 1057 4⁰.
1186 1000 1236 1058 41.
1267 1006 1331 1061 turn

208 1101 329 1161 ratione
350 1100 427 1162 hacc
449 1096 482 1159 Si
504 1104 576 1160 sunt
598 1099 651 1174 dii,
672 1118 774 1178 neque
796 1110 867 1161 ante
887 1101 1049 1163 declarant
1061 1102 1243 1180 hominibus,
1253 1124 1330 1182 quae

207 1207 313 1266 futura
333 1210 415 1279 sunt,
445 1210 581 1265 autnon
602 1205 738 1286 diligunt
767 1206 925 1279 hominen
956 1213 1019 1283 aut,
1053 1207 1126 1287 quid
1149 1220 1329 1270 eventurum

206 1311 257 1387 sit,
278 1294 493 1393 ignorannfut
514 1316 699 1392 existimant,
720 1311 765 1372 nil
785 1311 939 1372 interesse
961 1311 1128 1393 hominum,
1150 1313 1240 1389 scire,
1256 1315 1328 1394 quid

206 1415 345 1478 futurum
366 1421 426 1492 sit3
459 1427 514 1483 aut
543 1439 604 1483 non
621 1424 765 1482 cernent
789 1436 864 1479 snae
890 1417 1071 1491 maiatatis,
1099 1416 1205 1479 futura
1232 1418 1329 1480 bomi-

190 1502 595 1606 -uious'pruesigniflum
623 1532 676 1587 aut
708 1543 745 1585 ea
773 1541 813 1584 ne
843 1522 1018 1602 siguificare
1045 1524 1170 1602 quidem
1190 1532 1328 1604 possunt.

145 1704 150 1715 ἱ
204 1628 247 1688 At
267 1648 368 1709 neque
391 1636 451 1709 etp.
465 1638 527 1693 eto.
544 1651 570 1692 e.
587 1632 638 1693 38.
678 1629 771 1690 Ducit
797 1634 900 1689 autem
930 1628 1148 1689 divinationem
1171 1648 1328 1691 omuema

204 1733 303 1794 tribus
324 1735 426 1814 rebus,
448 1757 467 1798 a
488 1737 563 1813 fato,
585 1759 604 1799 a
625 1738 695 1812 deo,
716 1754 734 1795 a
755 1741 874 1794 natura.
902 1732 1014 1793 Fatum
1034 1740 1103 1794 este
1118 1755 1178 1797 non
1191 1736 1328 1816 id,qnod

134 1846 142 1929 j
163 1906 166 1915 ,
203 1840 419 1921 superstitiose
441 1843 497 1903 sed
520 1844 648 1924 physice
669 1841 802 1915 dicatur,
835 1840 1063 1920 colligationem
1085 1841 1236 1920 quandam
1256 1859 1328 1901 cau-

203 1963 304 2029 aarum
313 1967 334 2031 ς’·
344 1965 435 2026 quam
456 1949 508 2027 qui
536 1949 706 2029 perspiciat
726 1947 836 2022 auimo,
864 1946 891 2006 is
912 1945 1009 2025 possit
1028 1945 1137 2025 Ιίιιιιιιι
1158 1946 1258 2007 omnia
1279 1953 1327 2006 te-

204 2071 297 2112 ncre:
319 2054 400 2133 quod
423 2073 492 2114 cum
512 2073 603 2115 nemo
624 2060 752 2133 praeter
772 2053 864 2113 deum
885 2051 992 2112 iacere
1011 2052 1119 2130 possit,
1150 2051 1326 2132 relinquen-

204 2156 277 2217 dum
298 2177 367 2220 ease
388 2159 512 2236 homini,
535 2166 570 2220 ut
591 2160 686 2241 siguis
708 2158 890 2238 quibusdam
915 2156 1134 2237 consequentia
1157 2163 1190 2217 et
1210 2155 1325 2230 futuru,

202 2263 234 2325 in
256 2265 355 2326 causis
381 2272 525 2345 nuquam
550 2266 584 2327 in
612 2266 777 2327 seminibus
807 2263 949 2338 conditu,
979 2262 1208 2324 declarantibus
1236 2280 1325 2342 prae-

202 2369 325 2430 aentiat
362 2370 451 2449 Quod
472 2372 513 2432 ad
533 2379 675 2433 naturam
695 2372 838 2446 attineat,
860 2377 1014 2446 constare,
1038 2378 1150 2449 quanta
1171 2368 1213 2431 sit
1233 2366 1325 2429 auirni

201 2477 248 2537 ris
268 2478 406 2537 seiuncta
427 2495 446 2536 a
466 2477 605 2557 corporis
627 2478 775 2553 sensibus,
808 2496 868 2556 qua
898 2477 961 2551 flat,
990 2481 1027 2535 ut
1054 2475 1148 2535 animi
1167 2473 1324 2535 hominurn

201 2601 272 2642 cum
291 2590 346 2642 aut
366 2600 472 2663 somno
494 2581 587 2642 soluti
609 2588 722 2642 vacent
744 2601 885 2660 corpore,
916 2588 971 2641 aut
999 2599 1054 2640 sua
1081 2584 1194 2659 spontc
1215 2578 1323 2641 furore

202 2687 334 2768 quodam
356 2687 493 2766 correpti
514 2692 706 2764 moueantur,
729 2695 857 2747 cernant
880 2707 926 2761 ea,
947 2704 1027 2766 quac
1048 2684 1228 2767 corporibus
1252 2704 1323 2765 par·⁴

202 2793 289 2854 mixti
310 2791 417 2853 videre
438 2811 498 2854 uon
519 2792 647 2871 possint.
668 2814 705 2854 c.·
717 2792 768 2854 bo
789 2813 835 2871 sq.
855 2793 936 2855 Ero.
