2892 4842
248 276 311 338 Μ
647 277 696 329 ΒΕ
717 274 965 330 DIVINA‘HONE

248 444 401 514 attomm
438 446 623 515 omiestole
667 443 820 513 deosm
887 442 1028 512 Scilicet
1076 463 1171 513 casas
1216 447 1370 518 omnium

248 593 346 646 hahent
358 591 512 653 molestator
527 592 595 660 quod
612 591 691 645 etiam
708 598 752 645 est
765 589 791 642 in
819 598 846 643 et
879 589 937 642 eiua
965 589 1138 656 copulationis
1172 593 1295 647 alienam.
1333 599 1371 652 Et

248 662 318 714 Ello.
333 665 397 715 Rob.
413 663 505 726 steph.
518 662 589 715 vict.
604 663 702 715 sturm.
715 664 792 714 emt.
819 662 962 715 Sallustius
974 660 1002 712 io
1015 661 1098 712 catil.
1114 678 1140 714 c.
1155 667 1202 716 41.
1223 665 1323 718 umus
1333 668 1368 719 D.

247 733 331 785 vero.
358 730 430 786 Oliv·
453 734 518 784 Era.
544 732 605 799 Rip.
626 735 704 785 Herc
731 733 791 781 Sco.
819 730 902 782 Bruti
916 729 1066 798 propinquo
1079 733 1160 796 soro,
1176 749 1260 802 requie
1276 737 1370 790 aliana

246 803 320 856 Male
338 807 425 855 antem
445 800 669 868 Oliv.Bip.Dav.
684 804 792 854 verbum
819 799 922 853 consilii
929 807 1041 867 propter
1054 801 1243 868 Sempronium.
1261 807 1298 857 Et
1312 806 1368 860 aa·

245 878 349 940 oegnot
366 869 500 923 inclinatis
514 871 678 938 scripserunt
694 868 792 922 literis.
820 871 921 923 cretius
937 868 985 922 lib.
1005 883 1044 930 rr,
1057 876 1099 923 08.

248 945 345 997 Vocem
373 941 488 993 clinnum
508 941 630 994 omittunt
652 939 737 993 eota.
758 940 792 990 U.
856 970 921 981 --
938 940 1172 1007 Aiiertuquepceir
1189 959 1289 997 eornm

247 1021 324 1066 retus
342 1012 430 1062 Caroli
450 1013 541 1077 Steph.
557 1011 626 1063 Eud.
649 1013 711 1061 Asc·
732 1016 754 1063 Ι.
766 1016 792 1062 2.
820 1010 856 1061 Et
873 1008 969 1061 ibidem
988 1009 1208 1065 intrans-1⁰0³.

249 1083 323 1135 ciet.
336 1083 425 1131 Horu.
436 1083 531 1132 Stoma.
542 1079 794 1132 Scribiturolieoom
855 1079 910 1130 Nee
928 1087 1016 1131 tumeo
1032 1078 1097 1129 iore
1116 1082 1156 1131 itu
1173 1081 1366 1136 contulimus

248 1150 355 1216 esseio
378 1151 444 1200 tot.
460 1152 491 1201 R.
510 1181 541 1190 -
567 1155 606 1201 De
630 1148 793 1199 Dicaearcho
942 1165 1030 1201 rerum
1046 1149 1143 1200 alieno.

247 1220 429 1287 Peripatetico
448 1219 504 1272 vid.
527 1217 792 1271 foraneitatis.
820 1216 853 1267 P.
871 1217 978 1270 Mortuo.

249 1293 289 1343 ll.
301 1308 328 1356 p.
341 1298 389 1342 atto
404 1320 424 1328 --
436 1297 495 1342 299.
517 1289 561 1339 od.
584 1307 610 1355 p.
632 1286 746 1338 looslom
758 1286 792 1337 de
854 1288 953 1340 Causas
963 1288 1366 1356 oomtootooospteereptumr

248 1360 357 1425 Scriptt.
375 1357 445 1410 llist.
462 1355 791 1422 Phtt.1.1o.p.oo-1oe.
819 1357 956 1421 legendnm
984 1366 1077 1410 censet
1109 1359 1271 1419 Muoucius,
1305 1376 1365 1414 narn

251 1431 333 1483 Gari.
352 1428 387 1478 lo.
405 1429 478 1478 Vera
497 1426 531 1478 tle
548 1427 666 1480 Historr.
681 1424 792 1477 Graecis
818 1438 907 1477 omnes
921 1425 982 1479 libri
998 1429 1097 1481 habent
1112 1445 1219 1481 causor.
1238 1429 1331 1482 latai.

248 1516 276 1568 p.
292 1502 405 1550 ‹to-ts.
423 1495 577 1549 Dicaearchi
599 1497 677 1555 liber,
693 1495 737 1563 qui
751 1492 790 1546 in·
851 1495 959 1548 Scilicet
970 1513 1044 1549 casas
1054 1500 1164 1551 omnium
1174 1500 1363 1569 introspicere]

247 1566 372 1621 scribitur
395 1566 458 1632 βίος
474 1560 618 1631 Ἑλλάδος,
640 1565 683 1616 edi
698 1582 727 1617 us
744 1569 792 1634 cst
819 1564 862 1618 lta
879 1565 985 1619 videtur
993 1567 1087 1630 legisse
1096 1567 1123 1619 in
1139 1568 1246 1650 antiquo
1262 1570 1295 1619 Ρ.
1304 1572 1363 1623 Mt·

247 1652 332 1704 nuper
362 1652 377 1687 a
404 1638 443 1686 ot.
475 1635 581 1688 Murrio
610 1636 637 1688 in
701 1634 791 1687 cosmi
819 1633 916 1695 nutius,
933 1637 1057 1702 quomodo
1070 1638 1126 1689 erui
1143 1641 1364 1692 omniuoel'ala·

246 1708 408 1761 Meletonun.
425 1706 456 1757 P.
471 1705 525 1757 111.
540 1722 567 1773 p.
582 1712 725 1759 lut-210.
738 1706 791 1756 Mr.
818 1704 874 1756 tino
889 1703 1115 1767 secatitcmoos
1134 1709 1265 1771 omniumr
1280 1708 1364 1763 miuus

281 1778 391 1843 ll'cguot
415 1775 443 1827 nt
465 1792 522 1829 esee
546 1778 618 1842 etc]
653 1774 792 1828 Lambinus
820 1774 896 1825 bene.
917 1774 1028 1827 (instar.

247 1847 306 1900 lteic
324 1846 406 1898 molta
417 1844 569 1913 interponit
584 1846 619 1897 tle
637 1856 693 1906 sno,
713 1846 793 1910 plane
854 1844 964 1912 Negavit
974 1844 1004 1897 id
1020 1863 1078 1898 erse
1093 1847 1207 1899 alierum
1223 1847 1364 1900 moieetute

246 1933 281 1970 ex
295 1930 466 1982 supervacuo.
483 1916 551 1983 quoti
565 1930 612 1968 nos
634 1915 735 1975 damus,
752 1919 793 1965 ert
819 1912 942 1974 Deorum,
953 1914 1055 1969 reiticet
1064 1933 1139 1969 cases
1150 1917 1263 1970 omnium
1279 1918 1364 1971 istro-

246 2004 263 2042 ε
278 2003 339 2039 mss.
357 1986 427 2039 Pell.
454 1985 517 2038 item
538 1983 655 2037 editione
669 1981 792 2035 Victorii.
818 1982 933 2050 qricere]
947 1984 1362 2048 Paullilllunoriicoaiectursns,

245 2072 331 2124 nsque
347 2055 447 2124 aliquid
458 2056 552 2109 deesse
562 2053 683 2107 videtum·
694 2054 773 2103 θεαί.
817 2051 861 2119 qui
876 2069 963 2117 cosm,
980 2070 1031 2107 uon
1049 2074 1154 2119 eonem,
1168 2056 1242 2122 legit,
1263 2057 1363 2110 diserte

267 2127 392 2192 ’Λύμακι
404 2127 472 2178 roim
489 2127 518 2178 id
531 2141 588 2178 erse
604 2124 719 2177 alienum
735 2139 791 2173 mo·
817 2122 904 2176 firmat
916 2126 977 2176 Pal.
987 2140 1041 2176 rec.
1061 2126 1092 2178 ln
1102 2126 1209 2195 reliquis
1219 2126 1363 2180 Victorinus

199 2237 203 2241 .
245 2197 351 2250 iestotis
385 2197 519 2258 Deorum,
561 2194 664 2247 reilieet
693 2208 790 2244 causor
816 2199 970 2260 nostrosque
986 2195 1096 2250 Codices
1105 2195 1244 2265 sequimur,
1257 2196 1362 2249 licettle

246 2266 359 2320 omnium
376 2265 570 2333 introspicere]
586 2267 709 2333 Apparet
727 2264 790 2316 haec
816 2262 1027 2324 constmctione‚
1052 2282 1128 2334 wem
1153 2274 1301 2333 propugnet
1323 2266 1363 2320 vir

245 2334 423 2406 superioribus
441 2352 499 2388 esse
516 2334 669 2396 astruenda,
694 2335 790 2385 locum·
817 2330 988 2393 doctissimus,
1005 2335 1122 2388 dubitari
1140 2352 1190 2387 non
1210 2336 1303 2402 possit.
1326 2337 1363 2388 At

245 2406 350 2477 qtreitu
372 2405 566 2471 corrigentium:
585 2405 694 2474 Negant
710 2402 789 2455 etiarn
817 2401 998 2454 lsumiioiooir
1023 2404 1210 2458 additamentis
1231 2405 1297 2459 ninii
1320 2412 1362 2459 ert

244 2479 274 2530 iti
287 2494 344 2531 esre
365 2478 479 2528 alienum
500 2475 648 2527 muicrtotir
667 2475 790 2543 Deorum,
816 2470 1115 2537 opus,si1nodolocurn
1128 2482 1202 2527 recte
1214 2475 1363 2541 capiernnsr

244 2549 348 2601 scilicet
374 2560 448 2598 meas
471 2545 584 2596 omnium
606 2543 790 2609 introepicere·
817 2539 891 2608 prior
907 2541 976 2593 enirn
994 2558 1054 2608 pars
1076 2552 1117 2598 est
1137 2544 1363 2611 antumpnum,
1441 2572 1442 2589 t

245 2620 304 2672 Quo
321 2614 388 2667 enirn
406 2615 498 2666 ortllne
513 2610 790 2679 Chrysippusfflioge-
816 2624 924 2688 quorum
944 2612 1134 2669 conclusionem
1155 2614 1266 2667 rationis
1283 2628 1363 2681 expo·
1441 2620 1442 2623 ’

244 2703 308 2747 nes,
325 2690 354 2736 et
367 2683 519 2750 Antipater,
544 2683 670 2746 rationes,
693 2680 790 2733 curtli-
817 2684 858 2731 urt
871 2685 980 2743 norter;
1006 2682 1147 2747 postcom,
1164 2682 1246 2750 ipsius
1258 2685 1363 2737 cicerc-

244 2754 346 2810 vinatio
378 2758 467 2814 esset,
502 2753 667 2814 attulerunt3
698 2750 789 2801 eonem
816 2747 869 2828 πίε,
887 2750 1291 2819 αοειεαεεαιιὶοαείεειεείρώνικώς
1304 2770 1363 2821 por·

244 2825 338 2877 ordine
359 2836 408 2875 eas
435 2821 506 2888 ipses
535 2819 652 2874 rationes
679 2826 791 2872 wnatur
817 2819 980 2883 manantis.
997 2820 1042 2873 Sic
1055 2822 1363 2887 igitnrtlistioguezll’e-

246 2896 337 2948 Cicero
370 2892 515 2945 confutare.
559 2891 668 2960 Negent
701 2889 790 2950 otiam,
814 2894 886 2955 gont
905 2890 1096 2958 (Chrysippus,
1120 2892 1264 2956 Diogenes,
1285 2892 1363 2946 Auri.

244 2962 344 3033 inquit,
365 2963 395 3015 id
418 2977 475 3014 erre
502 2960 616 3014 ulioomn
640 2958 790 3014 maiestatis
817 2960 915 3027 peter)
939 2959 969 3011 id
994 2977 1052 3013 erre
1082 2962 1195 3015 alicam
1224 2963 1364 3016 mmeritis

246 3037 370 3097 Deorum,
386 3049 464 3085 coros
479 3031 590 3084 omnium
606 3030 789 3097 iatroepicere.
817 3027 941 3081 Deorum.
965 3029 1072 3085 Scilicet
1096 3038 1174 3085 cusai
1197 3033 1365 3085 omoiumisr-

240 3103 410 3171 Eipostxsic·
430 3102 504 3171 qnasi
521 3101 607 3154 dicat:
626 3100 737 3155 maxime
749 3106 791 3152 est
816 3098 970 3166 trospicere,
994 3109 1025 3153 ut
1043 3102 1159 3165 rideant,
1184 3102 1249 3171 quid
1269 3105 1365 3172 utque

244 3176 358 3228 alienum
389 3171 534 3226 maiestatis
557 3175 687 3233 Deorum,
714 3186 790 3224 cases
817 3170 957 3222 mouent.
994 3170 1123 3225 Similiter
1144 3171 1268 3239 Epicurei
1291 3172 1364 3225 ride·

244 3243 355 3297 omnium
388 3241 579 3308 introspicere,
609 3249 640 3296 ot
670 3239 790 3304 videant,
817 3239 882 3291 baut
900 3238 995 3306 potins,
1021 3257 1096 3308 qaam
1116 3242 1252 3304 timebant,
1275 3242 1365 3295 ouda

245 3314 307 3383 quid
324 3312 416 3381 cuique
426 3312 564 3366 conducet.
581 3313 616 3364 Et
628 3309 696 3364 otxir
710 3327 790 3362 curor
813 3310 992 3375 providentem
999 3319 1026 3362 et
1033 3312 1195 3380 cogitantem
1206 3319 1231 3363 et
1240 3313 1365 3365 αείειαά-

245 3384 340 3452 potins,
367 3398 441 3464 qoam
459 3383 561 3444 domoc,
588 3391 617 3436 nt
640 3380 789 3434 humilitate
815 3387 967 3440 rosentem,
986 3388 1012 3432 et
1031 3395 1124 3433 ouria
1145 3396 1186 3433 ao
1212 3396 1244 3433 ss
1261 3396 1365 3436 enarr·

245 3449 607 3509 uerbimaroressetirouia:
622 3450 788 3503 comesenim
817 3460 894 3500 anan
911 3463 1075 3512 ennarrans,
1098 3452 1234 3504 curiorum
1259 3459 1286 3504 ct
1302 3455 1363 3520 ple·

245 3522 378 3591 principer
395 3522 447 3576 viri
456 3520 577 3574 habitare
593 3523 695 3582 solent3
709 3536 788 3571 cosor
817 3536 878 3570 oum
903 3520 1008 3589 negotii
1045 3521 1137 3573 Deum.
1172 3521 1269 3575 'Verba
1303 3530 1365 3575 sunt

245 3609 297 3646 nou
313 3593 409 3654 solent,
424 3608 491 3660 quae
510 3590 651 3655 agrestium
668 3588 791 3656 propriae
819 3587 903 3640 lutis·
923 3592 959 3641 N.
975 3591 1009 3640 l).
1025 3589 1074 3643 lib.
1090 3592 1115 3643 1.
1140 3606 1200 3658 cap.
1219 3600 1263 3646 2⁰.
1293 3589 1365 3646 viae

244 3668 315 3715 sunt.
331 3659 477 3714 Dictionem
495 3667 582 3713 autom
598 3659 670 3712 illam
689 3659 790 3711 scilicet
816 3657 853 3710 sis
872 3657 984 3711 Minucii
1012 3659 1110 3713 Felicis
1137 3663 1235 3714 Oetae.
1258 3675 1319 3728 cap.
1334 3677 1364 3716 x.

244 3732 284 3786 ita
301 3731 451 3798 accipimus,
467 3738 498 3784 ut
517 3745 566 3796 per
583 3728 693 3782 ironiam
704 3728 791 3795 posita
817 3737 845 3782 et
861 3727 929 3782 inira
941 3744 1002 3794 cap.
1021 3745 1106 3783 nuris.
1126 3732 1194 3784 Deo.

244 3803 289 3863 sit,
306 3818 357 3854 non
375 3801 451 3854 utici
476 3808 517 3853 ert
533 3798 670 3865 significet.
698 3800 790 3865 Neque
851 3798 959 3850 Scilicet
981 3814 1079 3851 corus
1103 3803 1216 3856 omnimo
1235 3799 1365 3867 introspi-

245 3873 383 3924 maiestate
404 3874 461 3936 lego
480 3887 528 3937 pro
550 3867 710 3931 moicrtatir,
733 3885 790 3921 cum
817 3873 897 3935 cera]
926 3871 1036 3921 Ernesto
1052 3874 1137 3938 magis
1159 3873 1283 3938 placebat
1300 3888 1364 3922 cea·

175 3982 177 3993 .
245 3942 350 4013 alimur
371 3939 451 3993 otiam
477 3937 617 4005 generandi
640 3952 703 3990 casu
730 3953 789 3990 con·
816 3956 870 3998 soe,
889 3937 985 4006 quippe
1001 3940 1043 3991 cni
1062 3941 1121 3995 voci
1147 3940 1212 4010 quid
1232 3940 1364 3992 conducat

244 4011 380 4075 iungatur:
408 4017 438 4063 ut
452 4009 500 4065 lib.
517 4010 541 4060 l.
566 4008 626 4061 uto.
641 4025 664 4067 c.
677 4013 705 4061 4.
723 4008 789 4074 Quis
815 4010 907 4062 melius
923 4008 1071 4073 conveniat,
1087 4028 1163 4080 quam
1177 4010 1260 4064 verbo
1274 4026 1363 4063 οαεαε.

245 4080 357 4134 alienum
378 4087 455 4148 potet
475 4079 531 4132 eius
558 4095 614 4130 erre
633 4078 663 4130 α’
701 4078 789 4141 itatis,
816 4079 890 4133 Quod
912 4077 1036 4132 iudicium
1053 4083 1147 4135 merito
1166 4080 1278 4133 miretur
1294 4080 1363 4131 ilot-

244 4167 323 4272 ppuor
341 4150 408 4230 mili
432 4150 543 4220 quispoe
564 4148 659 4201 triluit
700 4151 736 4201 Et
755 4150 788 4201 tle
815 4147 941 4231 tinterna.
976 4152 1070 4231 Neque
1103 4166 1170 4204 unae
1197 4150 1275 4203 unius
1300 4147 1362 4200 libri

270 4226 444 4274 unversitatez
475 4221 608 4275 Naturam
626 4218 788 4290 fugientem,
815 4225 975 4275 audontate
993 4218 1092 4276 edimus
1113 4234 1206 4283 ααεαε,
1228 4226 1258 4271 ut
1278 4222 1360 4281 θεας
1441 4298 1442 4303 ¹
