2892 4842
184 384 188 401 Ι
253 305 317 371 ret
657 307 705 359 on
723 303 969 361 nrvmsrsonr
1080 299 1083 308 ·

198 481 244 537 tt.
327 473 446 562 Qndt
486 476 614 546 illudne
651 475 793 546 dubium
829 485 899 564 est,
937 475 1020 566 quin
1052 474 1169 563 multi,
1212 494 1292 546 enm
1324 481 1376 549 ite

210 554 324 644 ⁸⁸‘nisti
360 585 494 662 essent,
533 589 572 645 nt
610 575 779 665 quaedem
818 585 937 643 eeutru
980 584 1135 643 newsum
1182 572 1376 667 deprensus

256 674 442 760 haberent,
490 675 744 743 restituerentur
788 687 822 743 et
860 673 1112 766 corrigerentur
1151 674 1195 741 nb
1236 687 1376 762 uutnrn,

255 794 335 844 euru
367 794 402 840 se
432 774 507 863 ipsu
531 783 738 860 revocasset,
767 784 826 842 eut
858 784 931 840 erte
955 781 1058 861 etque
1094 771 1291 841 medicine?
1333 787 1376 845 ut
1438 837 1439 840 ,

256 976 352 1040 Otideic
366 975 528 1060 Ἀλεξάνδρῳ
551 980 588 1051 τῷ
600 981 739 1034 Μακεδόνι
753 980 797 1049 yr'-
824 979 924 1034 teneris
941 978 1093 1046 cerporibus
1114 978 1204 1043 insitu,
1217 998 1276 1035 cunr
1288 981 1374 1036 sebn-

252 1069 329 1119 yorer
343 1049 412 1118 ἴσης,
428 1050 537 1102 ruitur
550 1047 620 1101 serui
639 1050 684 1119 nir
706 1045 796 1102 οἰκον·
823 1050 919 1104 stiores
932 1056 961 1103 et
975 1048 1117 1104 validiores
1130 1050 1194 1103 tecti
1206 1067 1302 1114 snmus,
1313 1051 1374 1119 ipss

251 1120 334 1242 plens
357 1120 611 1239 ⁰⁰⁷oef⁰f⁸jj³gim⁹
633 1115 714 1239 segrei,
734 1117 797 1199 ouidi
822 1126 928 1241 nptpreet,
943 1117 1072 1241 medicdipp
1093 1134 1145 1240 uben
1162 1120 1292 1185 adhibita,
1312 1139 1373 1174 eor-

320 1206 380 1240 rurs
406 1208 418 1239 r
509 1207 557 1239 oo
604 1223 611 1238 .
673 1203 798 1241 evorinus
823 1206 873 1242 rit
946 1203 1019 1241 emen
1070 1221 1077 1238 .
1120 1205 1164 1241 en.

251 1259 359 1326 spudA
380 1209 524 1311 enimin.
536 1207 601 1310 xpp
610 1272 669 1322 esp.
678 1264 702 1312 l.
719 1258 797 1322 Quos
846 1206 1056 1340 ⁸corrigerentur
1065 1257 1373 1325 armannum

251 1328 277 1380 si
286 1345 353 1396 quse
372 1346 425 1391 nm,
434 1326 531 1395 inquit,
539 1327 567 1376 in
577 1326 795 1378 nominummurte
821 1327 893 1390 libri,
913 1328 965 1382 nisi
975 1329 1043 1395 qnod
1059 1325 1086 1379 in
1097 1328 1166 1381 Edd.
1183 1328 1259 1381 Cret.
1276 1330 1371 1381 Heres.

252 1405 331 1464 utqroe
343 1397 402 1449 situ
414 1397 492 1449 etium
509 1395 622 1448 diversis
636 1397 796 1462 temporibus
823 1405 852 1449 et
866 1399 932 1450 non.
948 1398 1042 1464 etepn.
1063 1403 1093 1449 et
1113 1398 1178 1450 coe.
1194 1399 1226 1448 R.
1240 1396 1372 1452 scribitur

251 1466 392 1531 editorum,
405 1483 456 1533 per
469 1467 604 1517 stellarum
621 1482 703 1532 peres
717 1484 796 1535 qnos-
822 1483 850 1519 α.
866 1470 1033 1522 nsttemsnno
1047 1472 1076 1519 et
1097 1465 1256 1532 Hottiugsru
1279 1470 1372 1533 piacet

252 1537 313 1589 dnus
330 1544 424 1603 postea
452 1543 606 1597 conuentus,
626 1535 708 1603 purin
729 1554 795 1588 non·
822 1536 925 1591 Davisii
958 1543 1019 1589 unt
1040 1542 1150 1588 netum
1196 1538 1371 1601 Wopkensins

251 1607 326 1656 nnita
344 1614 371 1657 et
387 1604 531 1656 consistitis
547 1621 624 1671 posse
641 1605 735 1657 dieunt
752 1607 795 1668 ot-
822 1622 886 1661 vero
906 1610 924 1659 Ι.
935 1623 958 1659 c.
973 1623 999 1672 p.
1021 1612 1081 1659 288.
1096 1605 1216 1659 defendit
1242 1604 1370 1659 libroruin

252 1674 358 1743 tingere
364 1694 374 1738 ,-
396 1692 445 1728 eur
462 1691 514 1726 oon
535 1674 676 1743 ntiquunds
690 1677 797 1743 possint
823 1676 975 1729 tectionem:
998 1674 1116 1742 primum,
1129 1675 1226 1738 disens,
1240 1683 1371 1728 naturum

251 1744 338 1797 omnin
359 1761 459 1814 quoque
476 1744 556 1812 pario
580 1762 631 1796 usu
648 1746 747 1809 venire,
765 1753 796 1799 ut
822 1745 1369 1814 eiequasisrornrorooetuem,tanqum

252 1816 396 1878 exsistunt,
415 1832 466 1882 per
488 1815 637 1867 huiusmodi
658 1818 795 1869 stederum
822 1831 935 1877 esuum,
956 1828 1023 1882 quse
1046 1828 1096 1879 per
1114 1830 1143 1866 se
1165 1813 1273 1879 efficiet,
1291 1831 1370 1882 quum

252 1885 436 1938 wneursiones
449 1892 476 1937 et
488 1884 683 1947 similitudines,
699 1887 795 1938 Socra·
822 1901 868 1937 ors
879 1891 959 1953 utque
975 1881 1107 1935 medisina
1126 1883 1163 1937 sit
1186 1900 1265 1937 suun
1280 1884 1369 1938 medin

252 1961 296 2007 tue
309 1955 388 2008 simni
402 1962 430 2008 et
442 1954 615 2007 Antisthenae
627 1962 653 2007 et
671 1956 795 2009 Plutones
820 1953 878 2009 sive
887 1951 1100 2015 instrumentalis,
1122 1969 1189 2022 quse
1202 1969 1218 2006 u
1232 1953 1369 2020 superiore

251 2025 336 2088 uuiti,
348 2043 456 2095 geum,
466 2028 565 2090 sorno,
583 2025 698 2094 ingenio,
714 2025 796 2079 soori-
822 2024 932 2091 quedam
952 2037 1031 2076 esuss
1045 2023 1177 2089 pendent:
1196 2023 1369 2077 deinderesu

251 2095 308 2158 irus,
323 2096 381 2148 site
399 2095 469 2149 omni
486 2103 513 2148 et
528 2102 610 2147 inerte
624 2098 699 2162 puri.
727 2095 796 2148 Vide
822 2090 973 2160 neptuim
990 2099 1105 2145 noenum
1125 2092 1164 2146 ite
1187 2093 1293 2148 veniere
1309 2109 1368 2147 urs·
1438 2145 1439 2148 ,

250 2164 454 2219 sisetnostrnm
469 2182 526 2233 esp.
542 2172 585 2219 4⁷.
605 2165 673 2216 Dru.
756 2213 758 2220 ,
821 2161 929 2224 tionem,
951 2167 983 2216 ut
998 2161 1159 2229 praepositio
1180 2177 1232 2215 nne
1253 2166 1368 2216 membre

285 2234 385 2288 siiudne
397 2234 502 2289 dubium
526 2242 589 2297 est,
605 2236 668 2303 quin
681 2236 795 2288 mutti-
822 2231 990 2300 exprimetur,
1009 2232 1096 2283 nitere
1114 2229 1273 2285 reticentur:
1290 2235 1366 2288 vetut

250 2306 539 2374 restituerentur]
557 2304 796 2373 Imperfectumpo·
821 2319 899 2371 snpra
913 2302 937 2353 1.
948 2309 990 2355 19·
1008 2301 1136 2371 utigitur
1150 2319 1220 2358 nune
1237 2303 1366 2356 minore

249 2373 324 2429 nitur
346 2391 394 2443 pro
416 2376 539 2428 Perfecto
570 2374 746 2436 coniunctivi‚
766 2381 795 2427 ut
820 2371 940 2442 glorio
959 2377 1043 2423 est-
1059 2373 1098 2423 sie
1112 2370 1253 2424 tone-in
1270 2379 1367 2425 tonte

249 2445 315 2498 insit
336 2445 491 2510 significatio
516 2444 692 2511 repetitionis.
716 2443 744 2494 K
744 2479 751 2495 .
762 2473 792 2483 -
818 2442 932 2511 gioria
948 2458 1000 2492 non
1007 2441 1119 2507 suisset.
1139 2442 1309 2497 Tusc.1.12.
1324 2442 1366 2494 id·

250 2518 347 2568 Vocem
362 2532 419 2567 euos
440 2516 563 2568 omittunt
575 2515 660 2566 eone.
677 2516 711 2565 U.
722 2516 750 2565 L.
766 2517 792 2565 b.
820 2529 938 2581 queeurn
956 2511 1073 2564 multis
1087 2511 1173 2564 eliis
1187 2511 1297 2574 retus,
1310 2519 1366 2565 turs

250 2592 280 2637 et
294 2584 343 2635 Ed.
358 2586 420 2637 Ass.
434 2593 459 2637 1.
479 2586 531 2636 Mr.
820 2600 834 2634 e
847 2580 1032 2650 pontificio
1059 2582 1134 2634 iure
1154 2580 1272 2650 intelligi
1289 2582 1366 2635 nest:

283 2655 518 2721 qusnednrneontrn
533 2659 659 2704 naturum
676 2654 794 2719 depra·
819 2652 853 2703 de
876 2655 941 2704 Ναὶ.
963 2655 1043 2704 neor.
1066 2651 1106 2702 11.
1127 2656 1169 2706 ⁶4·
1202 2652 1366 2705 Dentibus

250 2724 346 2790 nutu}
383 2725 441 2773 Vox
462 2723 610 2788 deprauata
634 2721 792 2786 Hottiugere
819 2728 908 2773 autern
922 2722 951 2772 in
972 2739 1019 2774 ore
1038 2721 1198 2774 constructis
1217 2723 1365 2788 munditie,

250 2798 370 2858 suspects
378 2798 427 2850 est,
437 2807 495 2843 euru
508 2798 537 2844 et
548 2806 745 2857 supervucsueu
758 2788 794 2852 ei,
819 2798 899 2871 etque
911 2791 951 2842 ni
969 2791 1002 2843 Iti
1008 2808 1022 2843 s
1034 2798 1194 2843 extenuetur
1207 2792 1290 2844 eiius.
1314 2794 1366 2848 ns-

248 2868 277 2913 et
291 2862 324 2913 nd
341 2860 433 2914 vitium
451 2859 553 2926 aliquod
578 2859 694 2912 nativum
711 2860 793 2923 sigui-
819 2862 889 2912 thius
905 2859 1008 2914 Davisii
1024 2860 1207 2915 emendatione
1224 2862 1292 2915 nihii
1309 2881 1366 2917 esse

248 2931 376 2983 tienndoru
392 2928 482 2995 inepte
495 2929 628 2982 videntur.
647 2929 721 2981 idern
736 2931 793 2981 iau·
818 2930 917 2983 certius
931 2930 1109 2984 existimabat.
1129 2932 1182 2985 Mr.

250 3001 297 3054 det
311 3001 345 3052 de
364 2997 564 3058 Finn.11.tl.‚
579 3005 608 3052 ut
624 2999 793 3060 demonstret,
853 3016 912 3052 euos
927 3016 960 3052 re
982 3002 1060 3068 ipsu
1073 3003 1236 3071 revocasset]
1256 3004 1365 3056 Corin.

250 3070 332 3137 ipsum
352 3074 465 3122 nostrum
486 3067 647 3132 distinguere
663 3086 705 3131 en,
726 3085 793 3136 qnue
819 3086 878 3122 sum
906 3087 935 3123 se
958 3070 1028 3137 ipsi
1049 3080 1277 3125 reserassent.
1298 3076 1364 3126 cod.

248 3146 344 3195 nature
375 3145 437 3191 sunt
466 3153 563 3206 preve,
587 3154 602 3191 n
630 3138 792 3207 depravatis.
820 3138 852 3190 P.
874 3140 1001 3207 seipse.
1025 3141 1059 3192 U.
1086 3159 1114 3193 se
1136 3142 1253 3210 ipsunt.
1287 3145 1365 3198 Quot

249 3209 297 3261 Cui
318 3206 453 3261 &nitrias
481 3211 645 3274 respondet:
676 3209 791 3271 „Facile
817 3225 883 3262 reve
904 3211 1008 3277 prebes.
1046 3208 1116 3264 Vide
1143 3210 1229 3266 instar
1252 3212 1366 3266 omniurn

249 3286 318 3331 esset
329 3296 416 3346 prusa
429 3278 571 3342 corrigere.
589 3280 641 3331 Sed
657 3283 791 3342 vetretum
817 3279 1031 3333 Ruddimnnnurn
1049 3282 1114 3335 inst.
1123 3283 1237 3335 Granni.
1254 3283 1314 3335 Lat.
1325 3284 1365 3336 11.

247 3348 354 3402 defendi
370 3355 470 3414 potest,
490 3348 551 3414 qnia
578 3348 702 3402 eiusmodi
723 3349 791 3402 vitis
817 3365 844 3415 p.
859 3357 901 3403 nu.
918 3367 957 3418 sq.
975 3351 1021 3403 Mr

248 3417 374 3471 inmetris
392 3424 469 3470 utere
490 3418 553 3470 eriri
576 3417 791 3486 possuntsie,ut
851 3426 975 3473 eutorte
1001 3426 1101 3490 etque
1121 3418 1291 3488 mediolani]
1320 3420 1364 3475 ns

248 3487 378 3556 prioribus
404 3486 571 3553 gniiditetis
589 3488 722 3542 mensibus
743 3487 791 3551 ἕμ-
818 3487 881 3542 dedi
892 3505 950 3542 cnm
965 3495 1034 3543 st.
1046 3493 1110 3542 Ern.
1122 3488 1183 3557 nip.
1198 3488 1272 3543 onv.
1283 3491 1364 3546 nott.

245 3561 333 3625 βρυον
358 3558 471 3610 noudum
497 3566 568 3611 esset
590 3558 792 3625 deprevatum.“
818 3561 878 3611 sen.
892 3575 927 3610 ex
944 3559 1028 3613 codd.
1049 3559 1156 3612 Oxenu.
1173 3556 1303 3621 omnibns,
1319 3576 1365 3615 nu·

251 3629 305 3681 Me.
819 3628 881 3680 stris
897 3631 927 3680 L.
937 3645 962 3681 u.
972 3627 999 3680 b.
1009 3645 1033 3680 c.
1046 3630 1083 3680 Μ.
1094 3629 1127 3682 Ρ.
1135 3629 1204 3680 Edd.
1215 3626 1287 3682 vict.
1295 3630 1365 3683 non.

282 3696 487 3766 corrigerentur
511 3697 547 3750 sb
572 3703 672 3749 murs
691 3725 720 3735 —
743 3703 792 3748 out
818 3698 910 3765 Steptu.
929 3700 1015 3762 vrtgo
1032 3705 1091 3751 sut
1104 3697 1242 3751 medisina·
1261 3698 1365 3762 „Quoi

246 3775 307 3819 erte
319 3773 398 3835 etque
413 3766 559 3836 medisina]
577 3769 662 3832 vulgo
675 3772 723 3818 out
737 3782 790 3818 rne-
818 3767 931 3831 seilicet,
946 3765 1083 3828 sitnon,
1099 3784 1149 3821 non
1163 3784 1209 3821 urs
1226 3774 1298 3823 esset
1310 3786 1364 3822 rne-

246 3836 345 3898 dieinu,
363 3834 437 3904 qnasi
458 3835 563 3889 seilicet
586 3852 629 3890 ers
652 3851 704 3888 non
719 3842 792 3890 esset
818 3835 936 3891 dieiue.“
952 3838 1101 3891 Tenendum
1119 3834 1198 3900 enim,
1211 3845 1292 3906 etque
1304 3854 1365 3892 esse

246 3905 389 3959 medicine!
416 3908 470 3957 Nos
494 3906 575 3970 igitur
593 3907 700 3958 MSStos
715 3907 789 3958 Voss.
817 3904 1014 3974 explicationes,
1036 3922 1084 3974 pro
1104 3922 1156 3976 qun
1175 3908 1256 3972 rutro
1278 3908 1364 3962 minus

247 3982 275 4028 et
290 3975 392 4028 Victor.
408 3975 490 4027 secuti
505 3991 601 4028 sumes.
633 3975 686 4027 Sed
705 3984 790 4029 etre-
817 3974 885 4028 bene
910 3976 1001 4029 dieunt
1022 3984 1082 4029 erte
1110 3977 1259 4046 etquidem
1279 3977 1363 4031 suedi·

247 4044 394 4110 scripserim
404 4045 606 4114 corrigerentur
618 4053 664 4098 snt
680 4052 790 4106 nutura,
816 4046 887 4098 sinu.
905 4046 966 4099 Vid.
979 4046 1109 4099 Goerens.
1124 4047 1157 4101 ed
1171 4046 1229 4100 cic.
1239 4049 1273 4098 de
1285 4046 1361 4100 Finn.

246 4131 305 4167 suun
328 4132 357 4167 se
383 4113 445 4179 ipse
468 4121 632 4177 reserasset,
660 4122 709 4167 ont
729 4122 789 4167 nrte
817 4116 841 4169 1.
852 4120 945 4171 1⁰·tt·
956 4121 1033 4182 pet·
1044 4116 1186 4172 udricsdd·
1200 4116 1361 4172 ῙΜΜΙΞ.

245 4189 325 4252 snus
339 4182 478 4237 nendos.
499 4187 567 4237 Num
580 4184 708 4253 quaedem
722 4184 789 4241 vitiu
816 4201 843 4253 p·
853 4190 914 4241 2⁰²·
933 4186 987 4239 nr.
