2892 4842
244 86 283 141 ‘r

239 311 294 367 vr'

208 483 433 551 anensium
465 481 498 551 in
530 478 692 553 Cicerone
727 477 926 572 explicando
958 498 1090 563 versor,
1122 486 1194 544 tum
1224 471 1348 541 scholis

239 610 415 697 habendis,
438 620 511 680 tum
535 605 780 678 commentariis
805 602 1061 674 conscribendis.
1106 601 1235 670 Multas
1255 569 1348 668 'mul-

111 727 117 739 '
238 751 349 808 torum
374 737 595 807 enarrationes
627 736 659 802 in
682 733 880 804 Ciceronem
904 728 985 822 legi,
1010 730 1122 820 ipsum
1151 731 1346 801 Ciceronem

238 868 389 960 quotidie
414 866 566 936 manibus
598 877 683 950 tero,
716 883 880 951 eumque,
910 883 951 927 cx
988 882 1056 949 quo
1088 884 1166 929 cum
1190 858 1348 948 Wytten-

237 995 372 1083 bachio,
403 997 477 1062 siro
501 1016 642 1079 summo,
672 992 794 1060 versari
830 990 914 1058 mihi
950 989 1062 1075 licuit,
1098 989 1156 1076 qui
1179 1007 1347 1074 nunquam

237 1148 314 1198 eum
347 1124 391 1192 de
424 1116 575 1190 manibus
610 1120 781 1212 deponere
813 1118 963 1204 solebat,
1000 1118 1034 1183 in
1071 1116 1197 1184 deliciis
1225 1112 1347 1180 habeo.

237 1251 340 1322 Cuius
379 1272 446 1341 ego
477 1247 711 1316 familiaritatis
750 1244 828 1319 cum
867 1245 959 1314 latini
1001 1244 1159 1312 sermonis
1194 1238 1352 1333 principe‘

220 1388 428 1476 *contractae
452 1398 530 1446 cum
557 1377 686 1466 aliquot
711 1356 889 1445 edidissem
915 1371 1108 1462 specimina,
1133 1371 1347 1447 factumest,

237 1516 274 1572 ut
305 1504 429 1572 amicos
462 1503 546 1571 mihi
577 1504 791 1579 conciliarem
828 1499 924 1568 haud
956 1520 1102 1589 paucos,
1142 1514 1350 1586 quamquam

235 1633 416 1723 plerosque
439 1632 534 1721 prius
558 1630 642 1699 mihi
666 1631 810 1722 ignotos,
835 1612 1372 1718 (11ιίιιιθΙιιιηιαιιίεείιιιεἐειιοὶ·ι

235 1767 355 1845 tarent,
392 1770 429 1825 ut
454 1756 487 1824 iu
517 1756 585 1827 hac
619 1780 724 1850 opera
760 1754 930 1826 Ciceronis
963 1750 1211 1845 philosophicis
1235 1732 1362 1815 navari'

235 1907 256 1951 a
279 1907 334 1952 me
358 1897 482 1976 coepta
512 1906 702 1976 pergerem.
754 1885 834 1976 Ego
857 1905 948 1969 vero,
979 1892 1141 1970 quantum
1164 1900 1228 1970 per
1251 1877 1348 1945 innu-

234 2033 327 2079 mera
352 2010 547 2101 infinitaque
571 2012 643 2080 fere
667 2011 805 2105 negotia
828 2013 942 2080 facere
965 2008 1049 2076 mihi
1071 2006 1168 2075 licuit
1189 2006 1222 2072 in
1247 2003 1347 2073 Cice-

233 2159 315 2207 rone
339 2137 470 2209 edeudo
501 2138 548 2207 ita
572 2139 748 2207 elaborare
773 2136 904 2224 studui,
930 2147 969 2206 ut
993 2131 1218 2203 recentissima
1243 2154 1348 2222 quae-

235 2285 303 2351 que
328 2263 451 2350 editio,
486 2289 588 2356 quam
617 2267 831 2355 exhiberem,
871 2273 1059 2356 praestaret
1081 2260 1250 2352 prioribus
1275 2270 1347 2329 eta

113 2467 116 2477 ¹
234 2412 289 2463 me
315 2403 350 2461 et
373 2395 417 2463 ab
441 2397 514 2467 aliis
537 2394 570 2465 ia
594 2395 714 2464 eodem
740 2416 863 2486 genere
887 2391 995 2461 editis.
1044 2390 1091 2458 Et
1115 2392 1183 2461 hoc
1209 2390 1348 2478 quidem

126 2564 130 2571 x
234 2517 268 2583 in
291 2517 359 2588 hac
391 2544 527 2612 quoque
559 2522 703 2591 editione
734 2545 789 2589 me
829 2544 901 2589 esse
941 2529 1094 2587 secutum
1122 2517 1347 2609 propositum,

237 2643 511 2733 animadvertent,
524 2648 716 2737 quicunque
741 2668 816 2714 eam
834 2647 1021 2716 accuratius
1037 2645 1201 2736 inspicere
1225 2644 1347 2736 ‹ligna-

235 2770 378 2844 buntur:
409 2783 522 2845 utrum
553 2785 753 2864 assequutus
792 2773 865 2858 sim,
904 2775 975 2843 eius
1008 2773 1057 2841 rei
1089 2772 1249 2841 iudicium
1274 2781 1347 2839 esto

105 2950 109 2957 -
233 2923 337 2995 penes
360 2898 497 2969 idoneos
520 2886 643 2969 harum
667 2921 780 2971 rerum
804 2900 957 2973 arbitros.
1006 2902 1068 2970 Sat
1090 2901 1248 2990 equidem
1263 2898 1347 2986 scio,

200 3088 206 3093 .
233 3030 339 3098 hesse
360 3028 394 3097 in
418 3028 486 3099 hac
509 3050 645 3118 quoque
667 3026 823 3114 editione,
854 3052 1060 3118 quamquam
1092 3030 1221 3096 summai
1246 3050 1266 3093 a
1288 3051 1345 3096 me

117 3152 122 3159 '
234 3155 408 3246 diligentiis
435 3167 562 3243 curata,
597 3151 774 3243 no'uuulla,
809 3181 896 3247 quae
921 3167 981 3224 aut
1004 3156 1130 3227 incuria
1154 3155 1252 3241 fudit,
1284 3165 1347 3223 aut

233 3282 381 3351 humana
415 3305 536 3376 parum
566 3280 654 3352 cavit
686 3294 814 3352 natura.
870 3286 909 3355 ln
939 3287 1026 3357 haec
1058 3283 1249 3351 involabant
1278 3282 1345 3368 isti,

234 3409 293 3499 qui
319 3408 392 3478 aliis
415 3409 636 3478 obtrectando
667 3434 762 3479 suam
791 3411 977 3483 doctrinam
1009 3412 1179 3481 venditare
1202 3433 1345 3480 consue-

233 3517 361 3623 verunt,
397 3537 540 3627 quique,
553 3540 560 3545 ’
574 3560 661 3626 qaae
693 3538 758 3629 ipsi
791 3508 892 3610 tacite
921 3539 1168 3630 excogitarunt,
1200 3540 1244 3609 ab
1269 3539 1345 3609 aliis

232 3688 298 3733 non
324 3688 395 3734 csse
418 3661 657 3748 animadversa,
680 3666 810 3735 crimini
834 3667 952 3736 iisdem
966 3667 1079 3736 lacere
1097 3669 1213 3735 solent
1239 3666 1345 3738 Tales

233 3793 345 3878 etiarn,
375 3814 475 3862 ame
505 3815 675 3881 nunquam
704 3793 895 3879 lacessitos,
928 3797 995 3864 iam
1027 3794 1061 3863 iu
1085 3817 1150 3878 me,
1175 3794 1235 3884 qui
1259 3794 1346 3862 tanti

233 3943 298 3989 noa
322 3943 406 4006 saun,
431 3920 575 4015 impetus
592 3921 721 4006 lesisse,
744 3923 906 4013 comperi,
920 3946 1027 4013 neque
1042 3920 1224 3991 admodum
1239 3945 1345 4012 aegre

232 4049 305 4133 tuli,
330 4048 460 4140 quippe
485 4047 543 4137 qui
568 4045 698 4134 scireru,
723 4049 814 4117 idem
838 4050 966 4148 lactum
990 4072 1061 4121 esse
1077 4048 1155 4118 viris
1172 4072 1225 4117 me
1240 4050 1345 4139 longe

230 4176 536 4272 praestantioribus.
582 4174 652 4247 Sed
685 4177 824 4250 miratus
859 4190 970 4249 tanam
1003 4200 1095 4265 sam,
1128 4199 1209 4248 cum
1234 4197 1346 4268 nuper
