2892 4842
578 273 686 325 uuus
705 272 744 333 11,
763 280 805 325 ll·
1197 276 1258 334 543

146 444 273 515 dieemi
303 446 444 514 eredere
477 448 663 530 soleamus,
694 465 764 533 quo
796 442 900 510 modo
934 442 1006 527 isti,
1045 444 1072 510 si
1097 445 1260 511 somnium

145 567 263 612 verum
289 547 392 612 evasit
416 543 572 632 aliquod,
610 564 676 610 non
708 564 751 609 ex
791 540 904 608 multis
935 540 1050 630 potius
1075 542 1131 609 uni
1155 540 1258 610 fidem

121 642 332 734 lungun-t,
374 666 476 731 quam
508 664 550 709 ex
580 664 647 708 uno
679 639 931 707 innumerabilia
964 640 1171 709 confirmant.
1220 642 1258 710 Si
1272 643 1314 688 ¹⁴²·

145 742 250 831 igitur
274 763 385 831 neque
409 739 493 808 dens
518 752 569 807 est
593 739 737 807 effector
770 737 992 821 somniorum,
1024 760 1135 826 neque
1160 752 1258 808 natu-

146 861 205 906 rae
230 840 371 907 societas
394 840 465 906 ulla
482 858 562 907 cum
585 837 737 920 somniis,
774 857 883 922 neque
908 836 1140 905 observatione
1165 839 1259 905 inve·

147 937 209 1005 uiri
227 938 340 1027 potuit
364 937 520 1017 scientia3
543 933 704 1003 effectum
724 942 786 1018 est,
811 945 849 1000 ut
872 933 957 1000 nihii
972 956 1110 1024 prorsus
1124 934 1260 1005 somniis

145 1136 281 1188 nitendum
298 1143 433 1202 putarem.
460 1131 503 1185 nbi
523 1132 577 1187 vid.
596 1136 691 1187 Manu·
715 1129 802 1182 Taciti
819 1134 908 1184 Geren.
924 1139 966 1194 ⁴⁵,
983 1136 1008 1187 t.
1026 1150 1052 1200 p.
1069 1142 1177 1202 2⁰2sq.
1197 1134 1262 1202 ibiq.

145 1203 210 1257 tium
228 1205 336 1273 [punt.
351 1222 389 1272 sq·
409 1204 453 1256 ed.
474 1205 601 1272 Wechol]
617 1204 691 1257 cuius
717 1199 808 1252 laudd.
831 1202 903 1253 coni.
930 1208 1026 1262 tamen,
1054 1221 1120 1271 qnae
1143 1220 1191 1256 nos
1208 1219 1263 1256 mo-

146 1281 233 1326 temen
252 1270 431 1341 ἅκριβολογιοι
449 1289 541 1326 vereor
558 1290 591 1325 ne
611 1271 691 1326 nimia
716 1268 818 1321 unimus
841 1271 948 1324 adeam
973 1276 1092 1325 annotat.
1109 1273 1135 1325 in
1154 1274 1262 1326 Annali.

145 1341 191 1396 sit.
216 1344 250 1395 de
278 1343 355 1397 Finu.
378 1358 406 1393 r.
428 1350 472 1396 2⁰.
495 1343 586 1411 itaque
609 1361 643 1395 ne
666 1340 690 1392 ei
717 1337 845 1389 Heidelb.
860 1347 936 1395 1825.
948 1340 1015 1406 dpr.
1028 1349 1123 1408 qunti.
1140 1343 1263 1394 Ceterum

145 1412 343 1465 iucundissimis
375 1412 479 1481 quidem
508 1430 556 1465 noe
583 1412 691 1464 somniis
718 1406 781 1460 libri
798 1408 880 1460 nostri
899 1409 963 1461 nituit
987 1412 1101 1471 variant,
1125 1410 1175 1464 nisi
1193 1412 1262 1479 quod

145 1496 241 1535 usurus
247 1490 379 1550 putemus,
390 1478 559 1550 Endymionis
568 1483 691 1534 somnium
718 1477 783 1529 eon.
800 1478 845 1528 Cr.
863 1479 963 1532 omittit
975 1485 1054 1533 verbu
1067 1474 1114 1532 uni
1124 1481 1207 1546 fidem
1216 1485 1263 1535 de-

145 1553 340 1605 noliuoelimus
358 1551 430 1604 dari.
451 1551 690 1604 ubicomuloLsm-
716 1554 815 1614 rogent
833 1555 861 1599 et
886 1564 933 1613 pro
957 1548 1160 1604 innumerabilia
1183 1552 1264 1606 habet

147 1622 235 1674 binum
263 1624 348 1691 [nune
373 1619 543 1674 Goerenzinm
569 1636 597 1688 p.
616 1621 689 1688 toz]
716 1616 904 1668 memorabilia.
927 1620 981 1669 Mn.
996 1643 1029 1659 -ι
1049 1623 1135 1675 Nolim
1152 1622 1264 1674 calidius

150 1693 289 1758 Wopkens.
716 1702 775 1737 cum
797 1686 974 1750 Hottingsro,
998 1691 1110 1755 Rathio,
1136 1692 1263 1752 Sentium,

185 1761 236 1811 Uni
246 1762 329 1827 Jidesn
351 1761 488 1823 damnant,
503 1774 690 1826 quum-oon-
716 1754 840 1805 librorum
858 1754 972 1808 lectione
989 1767 1088 1824 spreta,
1108 1760 1190 1825 recipi
1207 1777 1264 1813 cor·

146 1832 266 1897 firmam]
291 1828 414 1880 Mindius
435 1828 630 1879 rescribendum
649 1825 691 1878 vi·
716 1821 860 1874 rectionem
887 1826 1015 1878 Lambini.
1056 1833 1151 1882 Nonne
1176 1837 1264 1897 potest

147 1901 235 1958 detur,
251 1899 390 1965 derogent,
407 1897 689 1965 quum-confirment.
718 1890 808 1970 dicere
825 1892 1172 1970 derogent-eonfirmnnt,
1189 1897 1263 1967 quasi

147 1973 237 2036 anue
255 1969 347 2019 saltem
366 1965 486 2020 usitatior
508 1973 550 2018 est
567 1963 690 2032 {aquandi
718 1966 855 2024 arroserit
883 1963 974 2023 miror,
1006 1969 1075 2033 quod
1106 1964 1154 2019 isti
1186 1971 1264 2020 dere-

146 2039 226 2091 ratio.
248 2038 315 2089 Deo.
715 2030 846 2097 gene-t
862 2033 905 2082 vel
922 2031 996 2100 qnasi
1014 2037 1039 2087 si
1051 2037 1076 2088 in
1087 2038 1264 2102 propositione

181 2116 213 2159 ut
239 2106 304 2159 niti
330 2104 425 2156 mirum
441 2102 608 2156 uidentur-
622 2120 691 2171 quo·
718 2100 957 2164 nannetensem,
991 2102 1089 2177 inqua
1121 2111 1162 2158 est
1186 2109 1263 2157 dero-

147 2178 234 2229 nrodo
246 2208 279 2216 -
292 2177 434 2242 derogo
445 2189 464 2224 n
476 2181 487 2226 t
498 2192 555 2224 -e
566 2191 580 2224 o
591 2173 690 2239 ufir·
716 2176 796 2235 gunt,
811 2184 963 2236 quamquam
980 2181 1023 2226 est
1037 2174 1063 2226 in
1074 2177 1265 2228 antecedente?

147 2249 254 2314 menn]
272 2251 377 2307 ‚‚liav.‚
395 2242 435 2295 ait
453 2246 545 2303 Horu,
568 2242 612 2309 qni
631 2258 690 2293 con·
721 2238 792 2289 lilnd
818 2245 918 2290 certum
941 2248 996 2301 est,
1027 2244 1123 2308 miror,
1144 2246 1169 2297 si
1193 2244 1264 2309 iungi

148 2316 290 2369 iunetivum
317 2315 343 2367 in
369 2315 417 2364 use
444 2310 566 2379 loquendi
584 2313 692 2364 'rationo
719 2323 776 2358 curn
795 2306 955 2361 Indicativo.
979 2310 1009 2361 Si
1026 2312 1074 2364 lati
1091 2329 1142 2367 non
1161 2321 1265 2380 poterat

148 2385 309 2439 usitatiorem
335 2400 392 2435 esse
415 2380 490 2443 dicit,
509 2383 621 2434 sortasse
639 2383 693 2432 for·
719 2376 844 2437 scribere,
869 2392 926 2429 cum
943 2380 1033 2432 statim
1050 2384 1224 2450 subsequatur
1241 2383 1266 2433 si

148 2457 233 2507 mulae
250 2457 337 2507 neseio
355 2452 488 2520 quomodo
505 2454 586 2520 (quae
603 2450 693 2517 utique
719 2445 863 2523 aemulum:
888 2448 936 2500 sed
954 2448 993 2502 ita
1011 2451 1106 2515 uergit,
1123 2456 1194 2520 quasi
1206 2468 1265 2505 ene·

148 2525 317 2595 indicativum
346 2521 484 2589 admittit)
521 2518 693 2573 similitudine
720 2522 791 2581 perit.
807 2516 842 2593 si·
852 2514 910 2566 isti.
944 2519 1074 2572 Eiusmodi
1093 2522 1265 2575 constructio*

149 2595 181 2645 ad
199 2594 364 2646 tolerandum
391 2589 561 2644 indicativum
587 2595 629 2640 est
654 2588 693 2640 in-
719 2599 775 2643 Ποῦ,
798 2587 842 2636 ubt
860 2583 932 2636 aliud
954 2587 1087 2654 scriptum,
1106 2591 1179 2644 alind
1195 2591 1265 2656 cogi-

149 2664 252 2725 ductus,
269 2661 341 2714 coins
364 2670 450 2714 tamen
468 2660 572 2712 diversa
596 2664 638 2709 est
654 2659 693 2709 in·
719 2660 805 2705 tatum
817 2654 945 2719 reperias,
962 2664 1051 2709 nostro
1069 2675 1120 2712 non
1129 2662 1266 2714 admodum

148 2733 241 2785 (loires.t
263 2730 374 2783 Omnino
396 2734 460 2783 haec
477 2746 529 2782 uria
546 2729 692 2797 [derogent
719 2729 781 2774 sunt
798 2723 985 2790 infrequentes.
1003 2727 1038 2777 Ii.
1054 2759 1084 2767 -
1100 2730 1167 2784 Cod.
1189 2733 1217 2783 8.
1235 2735 1267 2781 ut

150 2801 355 2881 —eonstrnaentJ
387 2815 453 2854 vera
478 2809 599 2866 rectaque
624 2796 694 2849 ratio
720 2792 785 2843 nidi
802 2810 929 2859 semper
945 2796 1048 2848 mirum.
1072 2796 1126 2853 Me.
1260 2860 1263 2866 4

147 2878 199 2933 est,
215 2886 300 2938 neque
317 2872 398 2922 aliter
415 2868 498 2923 latine
517 2871 609 2922 doctus
624 2865 695 2934 quis-
755 2878 838 2930 twth
856 2873 971 2916 mium
988 2867 1112 2935 wtt‘efutl
1142 2867 1272 2929 „Nonad

147 2957 224 3008 quarn
243 2956 354 3007 unquam
371 2937 422 2991 fuit
439 2941 550 2992 locutus.
588 2937 619 2987 Id
633 2951 694 3003 qno·
721 2933 787 2983 naec
804 2934 943 2987 assumitur
968 2945 1007 2987 eet
1030 2941 1185 2991 somniorum
1204 2941 1267 3003 effe·

147 3011 290 3063 modocum
306 3007 382 3069 alios,
396 3016 450 3061 tum
467 3005 494 3059 in
511 3004 601 3075 primis
612 3008 695 3058 Erne-
721 3002 802 3063 stris,
820 3003 866 3053 sed
884 3005 1089 3060 subandiendum
1112 3006 1213 3060 nonnisi
1226 3014 1269 3059 est

148 3085 225 3141 stum,
252 3078 342 3142 ingere
359 3075 485 3143 potuerit,
509 3083 540 3130 nt
562 3078 695 3137 vulgatam
721 3071 832 3122 verbum
849 3073 1057 3137 substantivum,
1081 3078 1149 3144 qnod
1175 3078 1268 3129 metius

148 3148 288 3201 lectionem
305 3163 357 3199 nou
374 3148 450 3198 modo
467 3162 518 3198 nou
536 3145 696 3203 mutandam,
722 3154 872 3205 expressum
885 3140 923 3193 sic
938 3143 989 3207 legi
1004 3151 1111 3210 putem:
1129 3162 1211 3213 neque
1219 3138 1269 3197 ien-

150 3218 196 3268 sed
215 3234 249 3267 ns
267 3215 455 3269 admonendum
474 3215 578 3282 quidem
596 3211 695 3280 aliquid
722 3215 801 3259 turne
824 3216 873 3260 eet
895 3213 1018 3264 soeietue.
1066 3214 1178 3267 Videtur
1199 3215 1268 3269 enim

148 3285 322 3346 existimaret,
339 3301 388 3349 ego
404 3286 483 3350 piane
499 3302 550 3337 non
563 3297 695 3349 assequor.
721 3278 869 3329 absumtum
890 3280 982 3333 ultima
1005 3280 1077 3336 sucis
1098 3293 1214 3337 staturae
1236 3284 1269 3336 li·
1291 3316 1296 3343 2

148 3353 216 3408 Mihi
233 3353 336 3420 quidem
354 3355 427 3406 nulla
445 3354 538 3420 religio
554 3351 616 3419 fuit,
641 3358 695 3403 tur·
721 3354 808 3399 tera«
837 3347 913 3401 Haec
942 3352 1038 3411 Rutu,
1073 3352 1116 3405 cni
1142 3352 1270 3420 cupidius,

148 3440 207 3493 pern
230 3422 351 3476 Ciceroni
373 3426 518 3485 maculam,
544 3423 589 3476 νοΙ
612 3423 696 3473 recla-
721 3431 797 3484 qnam
812 3414 1058 3479 debuit,obsncutus
1073 3429 1114 3474 est
1128 3419 1188 3475 Scir.
1202 3425 1269 3473 Nam

149 3492 279 3547 mantibus
297 3491 383 3553 libris,
400 3492 590 3546 abstersisse«
613 3490 694 3543 Rece-
722 3501 813 3538 verum
831 3485 881 3538 loci
898 3502 1010 3553 sensuun
1028 3490 1106 3542 eliam
1114 3508 1164 3544 110¹!
1178 3489 1270 3543 θΰᾶῑίθ

149 3563 190 3630 pit
205 3560 541 3614 coniunctivosflchiitrius.
559 3557 612 3615 Sed
629 3562 696 3613 Goe—
724 3562 774 3615 eat,
792 3569 877 3635 nemo,
902 3560 991 3623 paullo
1017 3560 1145 3613 attentius
1170 3564 1270 3623 legens,

149 3633 256 3685 nennius
273 3632 306 3684 ad
325 3629 382 3683 Cic.
400 3631 434 3682 da
460 3631 538 3683 Fiun.
554 3631 593 3682 11.
604 3637 695 3684 raon.
723 3640 775 3677 non
794 3626 912 3690 attingit.
930 3628 1000 3707 ⁴Meu
1019 3630 1082 3679 Cod.
1104 3633 1133 3682 t..
1147 3644 1171 3681 a.
1190 3630 1271 3682 habet

149 3708 248 3769 paru.
271 3707 363 3754 tuetur
380 3698 547 3762 indicativus,
568 3698 697 3753 inversio-
723 3692 844 3743 invenire
862 3711 910 3761 pro
926 3696 1049 3748 inveniri.
1074 3699 1102 3749 S.
1117 3698 1207 3766 potuit
1228 3697 1270 3749 in·

148 3787 208 3823 nem
226 3771 293 3823 hanc
310 3786 367 3824 osas
386 3769 485 3834 dicens,
497 3784 697 3836 pereermonem
723 3761 892 3826 veniri.,Mr.

149 3840 340 3894 commotiorem
359 3838 524 3907 [uiuidiorem
541 3837 635 3906 sien]
651 3852 696 3889 ua·
759 3834 882 3914 effectqsn
898 3836 952 3903 est]
970 3835 988 3888 i.
1003 3852 1028 3887 ο.
1047 3835 1173 3916 seqnitur,
1187 3851 1270 3904 appa-

150 3916 215 3962 tsm.
231 3911 330 3961 'tuetur
343 3909 449 3963 eosdem
460 3911 599 3974 Wopkens.
609 3911 696 3958 Lectt.
724 3909 767 3954 ret
784 3918 819 3954 ex
837 3919 878 3965 ns,
896 3920 963 3971 quae
980 3922 1012 3956 ex
1031 3922 1097 3957 osus.
1123 3906 1167 3958 Sic
1180 3912 1271 3957 noster

149 3980 220 4030 nuit.
239 3995 266 4043 p.
281 3984 339 4031 144.
353 3995 393 4044 sq.
411 3978 524 4047 itemque
541 3977 569 4030 in
586 3978 697 4029 eundern
724 3974 759 4026 de
777 3972 987 4028 Off.1.4o.1oo.
1005 3923 1094 4040 guare
1108 3975 1155 4027 isne
1167 3975 1272 4042 quidem

151 4045 310 4099 sententiam
328 4045 445 4111 disputat
463 4047 588 4113 exemplis
608 4042 698 4098 allatis
724 4044 846 4110 effectum
863 4041 909 4101 sit,
927 4041 956 4094 in
971 4045 1068 4112 officiis
1084 4045 1233 4112 deligendis
1241 4043 1272 4094 id

152 4114 277 4169 Muluius
295 4114 322 4167 in
340 4116 465 4181 Epistolis
482 4114 614 4169 Sodaliuna
636 4111 698 4167 Phi·
722 4129 811 4181 genas
827 4108 973 4179 officiosum
991 4118 1125 4167 excellere.
1149 4116 1202 4167 Mn.

152 4184 256 4237 leniatis.
286 4203 313 4251 p.
327 4191 386 4238 aut.
403 4202 458 4253 sqq.
481 4186 552 4236 Add.
566 4185 645 4235 llere.
663 4181 697 4236 ad

866 4266 924 4322 35·
