2892 4842
1191 313 1226 359 11

113 490 246 550 senatus
269 476 429 563 habendi
466 473 692 561 comitiorum,
725 476 944 570 proeliorum,
973 473 1078 543 verbo
1102 473 1227 558 dicam,
1290 534 1293 541 .

37 592 38 627 ³
112 605 897 698 remprupemodummaaimatumsumma
928 602 1227 671 miinlemrebus

111 735 314 803 vertebatur.
352 734 445 805 Artis
464 747 577 803 auteur
600 733 672 801 eius
695 732 782 805 ratio
813 734 866 802 vel
893 733 937 801 ab
959 732 1110 801 Etruscis
1134 731 1227 821 ipsis,

111 866 166 935 vel
191 866 395 933 allomaniv
424 866 589 935 Etruscae
620 865 821 956 disciplinae
854 862 995 929 alumnia
1019 859 1227 950 procumba-

111 1003 179 1061 tur.
224 991 302 1075 Qua
327 992 360 1061 in
384 1014 423 1061 re
447 990 516 1061 hoc
539 966 750 1082 potissimum
774 988 1040 1075 antenoridae,
1065 997 1103 1056 ut
1123 987 1224 1057 Cice-

111 1142 228 1189 runem
257 1119 505 1211 philosophum
527 1121 614 1188 inter
632 1119 877 1210 distinguamus
903 1130 939 1187 ct
960 1114 1106 1186 eundem
1130 1136 1226 1183 mna-

111 1259 238 1333 torem,
277 1248 531 1339 magistratum,
572 1261 809 1337 oratoremque
845 1246 1031 1338 publicum.
1076 1243 1155 1312 vid.
1180 1244 1243 1312 ad'

112 1373 199 1443 haec
223 1374 351 1444 lotrad.
372 1374 406 1441 in
435 1373 539 1442 libros
564 1373 608 1442 de
622 1374 707 1465 Leg.
733 1396 768 1464 p.
793 1395 880 1440 xxva.
906 1370 960 1438 ed.
973 1382 1074 1438 nostr.
1107 1370 1225 1454 Quan-

112 1513 183 1569 tum
208 1502 243 1569 in
268 1501 472 1593 republica
501 1500 731 1569 constituenda
761 1498 1090 1587 administrandaque
1113 1499 1223 1567 tribu-

111 1642 182 1697 tum
204 1612 350 1699 voluerit
371 1627 542 1722 μαντικῇ
575 1629 719 1715 Tullius,
744 1629 928 1718 loquuntur
951 1628 1030 1697 libri
1053 1626 1097 1694 de
1120 1627 1226 1719 Legi·
1357 1716 1367 1735 β

112 1757 174 1825 bas
199 1768 245 1842 et,
271 1757 329 1845 qni
352 1778 462 1848 nuper
492 1753 679 1825 admodum
703 1777 744 1823 ex
768 1766 866 1845 parte
891 1756 924 1822 in
948 1757 1060 1823 lacem
1085 1754 1226 1845 prodie-

111 1895 198 1967 runt,
231 1883 277 1953 de
300 1884 354 1953 lte
377 1884 526 1975 publica.
574 1883 701 1953 Contra
734 1882 802 1952 hoc
833 1907 919 1975 opus
952 1883 995 1951 de
1019 1882 1227 1950 Divinatione

110 2020 313 2102 argumento
336 2020 398 2093 eat,
432 2022 645 2101 quantopere
668 2006 759 2077 idem
791 2008 913 2078 Cicero
941 2032 961 2076 a
985 2007 1225 2100 praeiudicatis

109 2136 322 2228 opinionibus
371 2138 616 2229 emancipatam
655 2136 815 2207 habuerit
851 2150 1016 2223 mentem,
1058 2149 1093 2207 et
1122 2161 1224 2228 quarn

109 2263 257 2332 liberum
283 2265 477 2354 sortemque
499 2288 535 2333 se
566 2236 789 2356 praestiterit,
816 2265 894 2351 ubi,
929 2263 1014 2354 quid
1038 2285 1153 2331 revera
1179 2264 1224 2330 de

109 2389 164 2460 his
195 2392 296 2460 rebus
326 2392 400 2483 ipse
434 2393 592 2474 sentiret,
632 2391 913 2483 pronuntiandum
948 2400 1030 2458 erat.
1089 2391 1168 2458 Hac
1192 2392 1225 2459 in

110 2518 335 2612 disputatione
360 2521 494 2589 minime
519 2544 539 2589 a
564 2519 757 2588 Stoicorum
782 2529 847 2588 stat
869 2512 1039 2610 partibus:
1064 2520 1109 2588 ad
1133 2522 1225 2591 Aca-

110 2644 321 2714 demicorum
345 2645 483 2715 decreta
507 2647 648 2739 propius
673 2645 820 2714 accedit.
917 2682 924 2709 ι

188 2771 326 2839 Etenim
365 2772 482 2863 priore
529 2772 616 2840 libro
651 2773 792 2840 fratrem
831 2795 927 2840 auum
968 2771 1131 2857 Quintum
1162 2794 1227 2862 pro

109 2898 319 2967 Divinatione
345 2899 573 2991 disputantem
607 2900 708 2987 facit,
744 2912 789 2986 et,
823 2899 989 2990 quidquid
1020 2900 1123 2968 Stoici
1150 2902 1225 2968 alii-

110 3048 179 3115 que
205 3025 406 3117 philosophi
431 3025 477 3093 ad
511 3050 586 3095 eam
610 3050 682 3096 rem
712 3028 911 3095 linnandam
936 3028 1168 3119 excogitarunt
1192 3031 1226 3096 in

110 3153 260 3222 medium
295 3155 533 3245 proferentem.
595 3154 787 3222 Posteriora
830 3166 942 3223 autem
982 3154 1120 3221 Marcus
1151 3155 1225 3246 ipse

110 3409 202 3493 dem,
225 3432 313 3499 qnae
336 3421 408 3478 arte
431 3410 480 3495 lit,
505 3421 637 3504 pugnat
661 3433 767 3500 usque
789 3408 834 3477 ad
860 3409 955 3499 (libri
978 3410 1039 3497 Π.)
1065 3431 1141 3501 cap.
1158 3408 1225 3491 473

110 3548 229 3606 contra
261 3538 386 3607 somma
423 3560 503 3606 vern
545 3523 647 3629 atque
689 3529 988 3626 ἐνθουσιασμὸν
1018 3535 1052 3602 in
1087 3536 1224 3623 reliquis

109 3666 190 3733 libri
214 3667 376 3756 partibus.

181 3807 266 3874 Sunt
290 3808 421 3899 egregii
445 3808 483 3877 hi
509 3808 606 3896 libri,
637 3808 808 3898 nitentque
838 3829 904 3875 non
931 3806 1035 3875 modo
1058 3807 1223 3897 germanis
1313 3781 1317 3788 ¹

107 3931 287 3999 Tullianae
312 3905 521 4023 eloquentiae
554 3936 761 4027 veperibus,
794 3950 912 4001 verum
946 3933 1223 4002 connnendantur
1259 3946 1269 3971 ⁰

108 4062 211 4130 ctiam
236 4042 394 4153 singulari
418 4065 611 4157 disputandi
636 4067 828 4149 subtilitate,
864 4066 1095 4157 exemplorum
1121 4064 1222 4132 uber-

107 4200 179 4258 tate
203 4200 238 4256 et
261 4174 403 4261 mirifica
427 4193 550 4288 ingenii
574 4216 653 4264 crnn
678 4194 838 4263 suavitate
864 4192 1021 4261 sollertia.

111 3281 318 3350 divinationis
342 3304 448 3373 genus
471 3282 544 3350 scre
568 3278 667 3350 omne
690 3282 819 3367 evertit,
843 3292 878 3350 et
904 3291 1020 3350 contra
1040 3282 1133 3383 illam
1150 3284 1225 3371 qui-
