2892 4842
595 313 702 364 elaea
720 312 761 376 11,
776 320 819 367 72.
1195 317 1258 378 issi)

142 480 270 549 dietum
298 496 358 569 est,
392 486 450 573 qui
476 496 553 551 sunt
576 485 620 553 de
646 497 766 553 natura
791 484 951 565 deorum,
988 498 1022 553 et
1046 486 1112 555 hae
1138 487 1258 576 dispu-

141 580 267 647 tatione
291 580 328 647 id
354 583 496 650 maxime
531 585 671 675 egimus.
718 584 867 653 Multum
902 586 990 651 enim
1026 596 1060 652 et
1094 585 1259 653 nobismet

142 679 223 768 ipsis
248 690 283 746 et
315 680 435 748 nostris
465 683 637 771 profuturi
669 681 888 765 videbamur,
936 685 963 749 si
996 707 1070 750 eam
1110 682 1259 752 funditus

142 765 402 883 sustulissemus)
453 781 526 847 Nec
560 803 642 847 vero
682 780 742 870 (id
782 781 868 847 enim
904 780 1085 874 diligenter
1115 781 1259 872 intelligi

142 875 241 964 volo)
282 879 518 966 superstitione
558 879 708 946 tollenda
749 880 870 971 religio
904 880 1043 948 tollitur.
1100 881 1187 949 Num
1214 889 1259 969 et,

143 973 310 1040 maiorum
336 976 486 1043 instituta
514 978 601 1044 tueri
625 977 728 1045 saeris
763 978 1041 1067 caerimoniisque
1066 976 1260 1062 retinendis,
1357 994 1359 999 ·

142 1072 302 1161 sapientis
328 1085 403 1141 este
441 1086 475 1142 et
498 1098 571 1143 esse
597 1085 824 1166 praestantem
849 1076 996 1164 aliquam
1023 1089 1260 1163 aetememque

141 1240 228 1285 aetum
244 1241 300 1283 est.-
329 1233 447 1300 seqnitur
475 1234 561 1298 enim,
591 1243 616 1287 et
637 1235 688 1286 noe
714 1241 868 1289 uertentem.
887 1233 1260 1291 Quaerocstsuesvitttuns·

143 1303 323 1369 disputatione
361 1303 390 1356 id
420 1321 541 1357 murum
571 1320 687 1357 neruos.
714 1306 791 1356 tom.
810 1304 838 1358 in
862 1308 977 1358 Gremm.
1000 1308 1059 1359 Lat.
1084 1309 1108 1372 6.
1133 1305 1259 1357 lomi.

147 1373 215 1423 Dav·
717 1379 753 1427 Ν.
771 1391 799 1440 p·
815 1382 874 1429 8⁵8.
893 1375 962 1429 Quid
981 1391 1045 1429 vero
1063 1393 1092 1427 se
1110 1372 1261 1437 egissesitt

177 1443 253 1506 Quod
270 1441 348 1494 etin
366 1441 401 1494 iit
417 1445 492 1496 libris
510 1446 609 1497 dietum
626 1448 688 1512 een]
716 1444 788 1496 Illud
806 1444 934 1508 nimirum,
953 1453 983 1497 nt
999 1450 1165 1507 monstraret,
1185 1457 1260 1510 quam

143 1514 241 1563 Vocem
260 1512 288 1563 in
307 1511 430 1566 omittunt
447 1516 527 1568 etism
545 1516 629 1569 Codd.
644 1530 688 1565 no·
716 1516 793 1578 longe
806 1514 864 1565 insa
873 1514 908 1566 sit
918 1514 1081 1581 superstitio.
1099 1512 1261 1565 K.-Cont'.

143 1581 191 1634 stri
219 1585 250 1632 R.
274 1592 302 1636 et
322 1588 348 1633 L.
367 1583 412 1643 b.;
435 1585 483 1636 sed
512 1585 606 1652 reliqui
632 1601 688 1635 eum
716 1584 1031 1636 insecutionesque.
1043 1582 1261 1643 li'ielunddlott.

143 1657 252 1703 tuentur
268 1668 373 1712 omnes,
397 1650 511 1719 itemque
533 1655 600 1705 Euu.
622 1656 689 1705 uon.
716 1668 742 1703 n.
756 1652 865 1704 luteis:
884 1654 939 1704 111.
950 1662 975 1708 ³.
994 1671 1022 1720 p.
1040 1659 1147 1722 laese.
1166 1653 1218 1704 Mr.

143 1723 236 1786 steph.
251 1724 314 1773 Car.
326 1722 416 1786 steph.
431 1723 497 1774 ΑΜ.
508 1724 585 1774 Boni.
598 1725 688 1775 Lamb.
752 1724 864 1775 Multum
876 1724 1154 1789 enim-uidebuntur]
1165 1723 1261 1773 Vocem

145 1792 387 1854 Getulirutsylb.
406 1798 434 1843 et
451 1807 524 1858 seqq.
543 1792 691 1844 Itonoster
716 1791 787 1843 enim
810 1807 863 1844 non
887 1794 967 1846 habet
991 1793 1057 1844 Cod.
1077 1791 1129 1842 Or.
1145 1793 1179 1841 Ε.
1209 1792 1261 1841 Pro

73 1882 80 1897 ·
144 1874 223 1925 supra
241 1861 264 1910 1.
282 1866 309 1911 4.
328 1859 397 1926 quod
408 1861 525 1925 serimus
543 1862 571 1911 in
588 1861 622 1912 iis
639 1861 690 1913 tri·
715 1861 868 1912 uidebuntur
893 1870 935 1914 est
961 1859 1082 1913 videmur
1100 1860 1127 1913 in
1145 1861 1212 1912 Cod.
1229 1861 1261 1910 u.

143 1929 191 1980 dus
208 1928 300 1990 libris,
322 1946 388 1997 prees
410 1931 443 1981 de
460 1938 561 1981 nutura
582 1932 691 1982 deorum
717 1931 771 1982 Mr.
1128 1940 1129 1943 ’

144 1998 308 2065 scripsimm.
338 2000 448 2052 Rathius
473 1999 585 2051 fortasse
611 2015 690 2053 voco·
753 2000 807 2051 Nec
824 2017 925 2051 uero·
940 1998 1127 2068 superstitione
1148 2000 1262 2050 tollendo

145 2071 197 2121 lam
223 2068 251 2119 in
277 2067 408 2119 excidisse
438 2067 517 2121 etiam
542 2068 690 2136 suspicatos
717 2069 815 2138 religio
834 2070 961 2137 tollitur]
978 2067 1261 2121 Adsententiansooni.

145 2145 256 2190 estante
271 2138 322 2189 iae
339 2139 536 2206 disputatione.-
552 2139 619 2205 qnod
628 2138 691 2191 milri
717 2140 1012 2193 uou.u.11.as.r1.
1040 2140 1100 2190 Non
1118 2137 1187 2187 eninr
1201 2135 1263 2202 plri-

148 2223 222 2259 secus
239 2208 353 2261 videtur.
384 2207 457 2260 Nihil
473 2215 561 2260 autem
579 2206 634 2261 vidi
652 2208 690 2260 in·
716 2210 818 2276 losoplsi
835 2212 927 2269 suun,
944 2226 1034 2260 nerum
1051 2208 1132 2261 etium
1148 2204 1262 2257 maiores

147 2276 252 2328 felicius
269 2278 420 2329 coniectori
444 2276 601 2330 nostriani:
620 2278 691 2345 quod
716 2279 803 2337 nostri
832 2279 1043 2346 superstitionem
1084 2294 1103 2329 u
1135 2272 1263 2341 religione

145 2356 170 2400 et
190 2347 228 2398 eis
244 2347 319 2398 tibris
345 2354 453 2399 aetum
479 2355 527 2407 est,
552 2363 637 2414 neque
652 2346 690 2399 sic
716 2350 919 2415 sepu‘rauerunt.
939 2349 990 2399 Pro
1011 2347 1113 2399 tollitur
1129 2351 1171 2397 eat
1187 2346 1262 2395 tolle—

145 2416 241 2469 dictum
257 2418 312 2468 t'ore
324 2417 478 2481 accuratius,
497 2431 572 2484 quam
583 2418 690 2480 elegan-
717 2418 810 2470 turin
828 2419 894 2469 Cod.
908 2420 947 2469 M.
975 2420 1017 2468 Ne
1035 2432 1099 2470 vero
1116 2414 1173 2482 quis
1191 2412 1261 2464 desi·

146 2486 213 2547 tius,
237 2488 352 2539 debebat
382 2487 470 2538 dicere
504 2485 690 2549 Hottiureron
717 2489 793 2541 deret
810 2486 935 2554 scriptum
952 2487 1056 2539 subiate
1074 2500 1123 2552 pro
1138 2483 1261 2544 tollenda,

145 2559 185 2607 En
203 2557 271 2607 enim
290 2555 405 2621 prodidit
428 2554 569 2616 Davisius,
595 2572 623 2608 ee
641 2572 691 2608 non
717 2556 869 2610 consideret
888 2558 954 2620 loca,
972 2555 1057 2623 qualis
1074 2561 1117 2605 est
1135 2553 1182 2603 Or.
1201 2551 1261 2603 Phi·

146 2632 219 2677 recte
239 2626 397 2689 intelligere,
408 2625 470 2692 quid
488 2624 525 2675 sit
540 2625 654 2693 egimus,
668 2625 691 2677 si
719 2626 810 2693 lippit.
826 2627 866 2677 11.
882 2631 925 2679 44.
949 2642 977 2692 p·
994 2633 1054 2679 oto.
1079 2624 1123 2675 ed.
1139 2620 1261 2673 Wernsd.

147 2695 260 2762 potavit,
285 2704 374 2748 notum
396 2703 436 2747 est
453 2694 544 2757 eodem
563 2713 641 2748 sensu
652 2695 692 2748 its
718 2695 779 2749 mei.
789 2695 883 2764 Spurii
896 2696 1013 2757 assius,
1026 2695 1130 2755 Melius,
1138 2693 1177 2745 M.
1187 2694 1263 2745 Men-

147 2765 215 2816 nnde
233 2764 343 2830 positum
361 2764 413 2817 dici
436 2780 524 2830 posse.
556 2769 597 2818 De
614 2781 692 2819 sensu
718 2767 771 2820 lius
785 2775 898 2834 propter
921 2765 1093 2832 suspicionem
1110 2762 1188 2844 regni
1210 2777 1262 2828 op·

146 2850 174 2887 ν.
194 2835 341 2900 disputatio
360 2851 386 2887 v.
397 2835 523 2885 Oehsner.
539 2836 574 2887 ad
588 2835 691 2890 otiosa.
715 2837 857 2904 petendi
873 2844 936 2888 aunt
948 2835 1054 2886 necati:
1071 2832 1179 2887 ubivrd.
1192 2832 1263 2883 ileu-

146 2906 253 2974 Eelogg.
271 2905 328 2955 Cic.
349 2920 375 2969 p.
394 2911 455 2958 276·
474 2905 528 2957 Mr.
718 2907 821 2973 ringer.
839 2921 865 2972 p.
881 2912 943 2958 667.
962 2913 999 2968 et,
1017 2920 1091 2971 qoem
1105 2901 1263 2962 landet,l’e·

181 2981 206 3025 et
236 2973 287 3023 ine
318 2973 500 3039 disputatione
526 2972 563 3025 id
581 2972 692 3025 maxime
719 2974 806 3026 rison
830 2976 865 3026 ad
883 2976 984 3027 Sanctii
1011 2974 1128 3025 Minerv.
1145 2971 1169 3021 1.
1186 2976 1265 3023 15·8.

145 3043 265 3110 egimus]
295 3045 374 3094 Holt.
409 3042 493 3094 deleri
522 3042 629 3095 volebat
652 3043 691 3105 id,
718 3062 746 3111 p.
762 3050 822 3099 142.
831 3059 871 3111 sq·
888 3046 960 3110 [146.
971 3062 1011 3110 sq.
1031 3044 1074 3094 ed.
1084 3045 1166 3093 Amat.
1180 3038 1265 3106 1766]

145 3129 203 3163 cnm
220 3114 284 3161 haee
301 3127 403 3178 quoque
417 3113 552 3179 pendeant
569 3127 584 3161 e
599 3127 691 3178 prono·
718 3115 773 3166 Mn.

146 3179 215 3232 mine
228 3183 400 3247 Quod‚snpra
411 3184 505 3248 posito.
525 3182 624 3233 Eodem
633 3196 693 3249 pro·
754 3180 995 3233 Num-maiorum
1011 3179 1137 3231 instituto
1153 3176 1224 3229 tueri
1236 3205 1261 3216 -

147 3251 249 3302 nomine
266 3250 296 3302 id
312 3252 426 3303 offensos
445 3250 564 3312 Rathius,
591 3249 693 3312 „Quid-
720 3249 852 3318 sepientis
873 3255 931 3317 est]
962 3252 1010 3300 Fst
1045 3252 1109 3301 lraec
1132 3244 1265 3299 sententia

147 3325 224 3369 namt
250 3317 347 3384 inquit:
376 3320 510 3373 Eiusmodi
536 3319 599 3387 qnid
622 3317 693 3372 exei·
721 3318 914 3373 Ciceroniana:
941 3320 976 3371 ef.
992 3317 1033 3368 11.
1048 3327 1089 3373 12.
1108 3319 1147 3367 ll.
1163 3324 1206 3370 tt·
1231 3316 1265 3366 de

146 3387 218 3439 disse
235 3386 355 3439 videtur:
387 3397 417 3440 ut
443 3390 695 3442 unimumealeon-
721 3393 758 3443 N.
768 3394 800 3441 Ι).
815 3388 870 3439 111.
880 3395 907 3441 2.
933 3406 959 3454 p.
975 3393 1036 3439 496.
1067 3391 1187 3439 Lectunt.
1204 3382 1266 3437 niv.

147 3466 262 3509 remus.“
288 3458 341 3509 Sed
360 3462 435 3512 salva
450 3477 495 3513 res
512 3465 564 3511 est.
584 3458 695 3510 Ponitur
721 3460 789 3511 lust.
800 3459 841 3509 11.
850 3464 877 3508 6.
900 3458 942 3509 Ao
961 3456 1043 3509 verbu
1062 3465 1087 3508 rt
1111 3472 1168 3507 esse
1186 3470 1266 3520 proe-

147 3533 174 3579 et
189 3526 218 3580 id
238 3529 340 3579 Graeco
358 3545 429 3579 moro
452 3547 499 3597 pro
516 3530 594 3598 quod,
613 3528 693 3580 etde
720 3536 836 3581 stentem
855 3532 908 3579 ete.
938 3543 965 3579 v.
993 3524 1098 3577 Fabrie.
1131 3525 1166 3577 ad
1191 3526 1266 3574 Sext·

149 3596 225 3648 Finn.
250 3596 290 3648 11.
309 3604 335 3651 2.
377 3598 469 3652 Finem
498 3598 640 3667 definietur
664 3596 694 3651 id
720 3596 846 3665 Empirie·
881 3597 943 3650 adv.
969 3595 1054 3646 Math.
1081 3610 1122 3648 rx.
1141 3600 1265 3647 att-28.

147 3682 214 3728 esse,
232 3684 291 3734 quo
309 3668 405 3730 omniu,
421 3688 490 3739 quoe
507 3669 694 3735 reeteflerent,
720 3687 748 3736 p.
762 3673 822 3722 664.
841 3667 894 3719 Mr.

147 3739 327 3803 reserrentur,
344 3756 448 3807 neque
467 3740 504 3791 id
522 3740 627 3807 ipsum
643 3754 694 3788 us·
756 3736 828 3790 tueri
849 3735 937 3788 tueris
965 3730 1181 3801 caerimoniisque
1203 3731 1267 3782 reti·

146 3824 239 3875 quum
258 3808 693 3878 [proquodqueipsurnnanuum]
720 3806 830 3873 medis]
855 3806 921 3857 Cod.
945 3806 983 3855 Μ.
1000 3803 1078 3872 egris
1106 3819 1153 3869 pro
1172 3801 1267 3853 meris.

146 3879 306 3942 referretur.
324 3880 403 3930 Tuse.
417 3880 473 3930 111.
493 3887 533 3936 16.
558 3876 693 3945 Sapientis
721 3881 755 3929 R.
774 3883 877 3929 tontum
902 3889 948 3940 pro
975 3873 1060 3936 tueri,
1091 3878 1120 3924 et
1147 3870 1268 3924 tollendis

147 3954 188 3998 est
205 3946 249 3997 ille
265 3949 355 3998 uultus
379 3965 481 4016 semper
504 3948 587 4010 idem,
605 3963 694 4015 quern
722 3963 771 4016 pro
788 3943 951 3999 retinendis:
968 3942 1037 3994 idem
1053 3958 1112 3994 mox
1124 3958 1181 3994 esse
1185 3956 1268 4008 proe-

147 4015 248 4083 dieitur
274 4016 424 4085 Xanthippe
438 4018 599 4086 praedicare
617 4016 696 4068 solitu
722 4024 838 4070 stentem
864 4022 1050 4080 aeternumque
1078 4019 1204 4064 naturum
1220 4009 1270 4063 oti·

147 4086 175 4136 in
191 4086 250 4137 uiro
267 4103 315 4137 suo
326 4086 418 4151 fuisse
437 4092 559 4149 Socrate,
586 4086 696 4139 eodem
722 4104 810 4157 quun.
836 4084 878 4136 Ad
904 4099 933 4136 v.
950 4089 976 4134 et
1003 4098 1061 4133 aum
1084 4088 1172 4135 mouet
1190 4079 1270 4159 Oelsu3

148 4172 250 4222 semper
267 4173 295 4207 se
313 4156 413 4208 ddisse
432 4160 497 4223 [pro
514 4175 574 4225 quo
596 4172 697 4225 semper
722 4175 782 4211 ner.
799 4153 833 4207 ad
853 4151 954 4207 Olivet.
975 4154 991 4204 Ι.
1014 4168 1038 4204 e.
1056 4167 1084 4216 p.
1100 4158 1144 4204 21.
1167 4165 1201 4203 eu
1217 4147 1269 4202 dier

149 4224 263 4292 uiderit]
279 4236 415 4281 ureuntm
431 4226 504 4281 ilium
522 4228 597 4280 domo
613 4233 639 4278 et
654 4242 696 4278 re·
723 4232 815 4294 prust
835 4238 892 4275 eunt
913 4221 1057 4291 quidem,
1086 4218 1192 4288 eiusque
1210 4235 1270 4271 nens
