2892 4842
251 266 314 329 dns
525 269 779 328 anemurum
797 270 895 322 cnam
912 273 960 322 ns
982 271 1085 324 saro.

252 460 367 522 osqocc,
393 435 434 514 ὥς
450 434 552 503 πάντα
572 435 649 502 κατὰ
679 447 788 521 μοῖραν
807 437 965 521 γιγνόμενα
989 438 1126 524 δεύτερα.
1153 448 1256 524 τρίτον
1278 441 1317 511 dl
1336 445 1383 510 τὸ

250 538 508 628 πολυθρῦλλητον
523 547 625 623 τοῦτο,
641 535 688 607 ‘du
704 545 768 608 πᾶν
785 541 902 627 ἀξίωμα
919 541 943 628 ἢ
956 543 1076 631 dlthc
1095 549 1186 624 ἐστιν,
1204 545 1226 632 ἢ
1241 548 1379 631 ψευδές.

249 648 290 711 ltlt
310 649 440 730 primum
460 650 583 731 quidem
603 654 827 730 argumentum,
858 649 939 729 quod
960 669 979 711 ι
1007 652 1106 714 masis
1126 672 1193 715 rem
1213 674 1379 736 quamque

248 755 504 818 antecedentssrus
524 755 657 831 ducitur,
686 752 886 815 distinctione
906 775 1064 818 musarum
1089 757 1280 839 Chrysippea
1303 762 1378 825 dis-

248 860 348 937 solrlt,
374 880 432 941 qua
454 880 560 923 causas
580 861 655 921 alias
676 859 833 940 periectas
854 866 888 920 et
908 861 1101 942 principales,
1123 863 1198 924 alias
1219 865 1377 928 adiuvan-

248 975 297 1027 tes
318 974 352 1029 et
371 967 522 1046 proximas
540 965 634 1037 facit3
671 963 752 1044 quod
782 964 882 1025 omnia
906 966 1030 1046 quidem
1058 969 1239 1048 antepositis
1263 972 1376 1033 cauma

247 1075 330 1150 flant,
352 1092 459 1134 rernm
479 1090 541 1132 non
561 1069 789 1151 principalibus,
821 1091 901 1151 quae
927 1072 1012 1134 solae
1040 1074 1209 1136 absolutam
1229 1077 1376 1138 necessi-

218 1166 221 1173 ’
247 1186 343 1241 tatem
363 1179 507 1240 afferunt
527 1195 554 1238 c.
568 1176 619 1237 17.
639 1196 703 1255 seq.
748 1176 889 1238 Alterum
910 1187 1133 1259 argumentum,
1154 1180 1191 1241 alr
1211 1180 1278 1261 ipsa
1290 1201 1374 1245 con-

246 1284 371 1367 tagione
390 1301 505 1359 rerum,
532 1283 592 1343 hoo
611 1281 704 1357 tollit,
733 1280 815 1360 quod
835 1281 918 1342 illam
949 1284 1142 1366 συμπάθειαν
1163 1285 1222 1346 lroc
1243 1292 1372 1348 mutum

247 1387 375 1450 efficere
401 1387 555 1463 ostendit,
589 1393 625 1448 ut
658 1386 711 1446 alii
746 1385 785 1446 ad
812 1386 871 1447 alia
901 1387 965 1448 sint
990 1389 1205 1468 propensiores
1233 1401 1372 1474 propter

171 1526 174 1534 =
247 1512 353 1554 causas
373 1491 528 1554 naturales
549 1497 583 1553 et
603 1491 834 1568 antecedentes,
863 1511 923 1554 non
943 1501 1055 1570 autem,
1086 1501 1122 1555 nt
1141 1498 1233 1557 etiam
1254 1497 1370 1561 volnu-

247 1607 346 1661 tntum
365 1604 539 1677 nostrarum
560 1604 654 1678 atque
676 1597 899 1677 appetitionum
932 1599 1011 1661 tales
1041 1602 1103 1662 sint
1122 1620 1242 1663 causae.
1284 1602 1370 1665 Nam

246 1710 280 1766 et
298 1702 517 1785 propensiones
529 1722 636 1784 vpaerae
653 1702 723 1765 tolli
739 1722 839 1782 pesse.
860 1721 888 1764 c.
899 1702 929 1764 4.
943 1703 973 1765 5.
1004 1704 1228 1768 divinationem
1247 1713 1366 1783 autem,

244 1806 266 1871 a
284 1830 343 1890 qna
363 1810 491 1871 tertium
511 1790 725 1892 argumentum
746 1809 880 1885 ducitur,
902 1810 1038 1874 ostendit
1058 1833 1076 1873 a
1097 1812 1188 1874 nullis
1203 1816 1368 1895 perceptis

245 1917 320 1979 artis
341 1915 502 1997 protioIscl,
524 1916 663 1995 adeoque
685 1914 781 1976 totam
801 1934 870 1976 esse
889 1915 1010 1977 inanem
1031 1922 1065 1978 et
1084 1917 1236 1980 fallacem.
1254 1919 1364 1982 cdd.

245 2023 362 2102 Quarto
383 2021 526 2102 denique,
548 2021 630 2103 quod
650 2022 688 2083 alr
709 2020 764 2081 illo
786 2020 1019 2083 dialecticorum
1039 2023 1152 2105 placito
1175 2024 1364 2087 amessitore

244 2144 365 2190 omnem
383 2127 626 2189 enunciationem
648 2145 717 2188 esse
737 2126 787 2188 vel
807 2144 912 2187 veram
927 2127 978 2187 vel
993 2127 1110 2204 falsam,
1132 2128 1246 2208 duplici
1266 2131 1362 2192 modo

244 2233 426 2314 responderi
456 2240 546 2312 posse
575 2238 684 2313 putat:
710 2231 762 2292 vel
793 2231 820 2293 si
851 2250 920 2292 oum
954 2232 1089 2315 Epicuro
1115 2235 1260 2315 placitum
1279 2236 1361 2298 illud

244 2340 476 2401 dialecticorum
505 2334 679 2413 reficiatur,
708 2339 789 2420 quod
811 2358 846 2400 se
874 2337 967 2400 malle
997 2340 1050 2414 alt,
1081 2360 1178 2421 quam,
1205 2341 1270 2405 iato
1290 2342 1361 2406 lieri

243 2447 359 2522 omnia,
388 2444 580 2518 concedere3
603 2443 654 2505 vel
680 2462 749 2504 curn
783 2443 944 2506 Carneade
976 2445 1135 2522 defendas,
1178 2467 1248 2515 esse
1269 2466 1359 2529 posse

242 2551 394 2631 quendam
415 2551 507 2611 animi
536 2556 652 2610 motsrm
670 2549 893 2625 voluntarium,
921 2551 962 2611 ad
990 2552 1079 2630 quem
1101 2569 1161 2612 non
1182 2555 1361 2633 requiratur

242 2674 334 2717 causa
356 2662 492 2729 externa,
521 2655 603 2735 qnod
629 2655 671 2716 sit
690 2653 722 2714 in
746 2658 851 2715 nostra
870 2661 1042 2735 potestate,
1073 2657 1221 2738 nobisque
1241 2664 1357 2740 pareat,

106 2812 108 2821 s
241 2777 300 2821 nec
322 2758 388 2821 sine
415 2781 521 2832 causa3
555 2740 621 2821 eius
648 2759 732 2820 enim
756 2760 805 2819 rel
836 2779 958 2823 causam
988 2762 1084 2842 ipsam
1115 2769 1254 2825 naturam
1281 2781 1358 2827 esse

242 2882 269 2927 o.
285 2864 334 2925 ln.
355 2883 401 2946 sq.
439 2864 553 2927 Relicit
572 2866 606 2926 in
626 2865 686 2926 hac
707 2864 915 2945 disputatione
933 2868 1026 2929 etiam
1046 2868 1130 2929 illam
1151 2866 1357 2932 concludendi

240 2971 408 3048 rationem,
438 2990 516 3051 quae
546 2973 662 3053 ignavo
687 2974 769 3032 rotro
789 2971 923 3048 dicitur,
957 2972 1038 3052 quod
1067 2992 1105 3033 ea
1133 2975 1230 3037 omnis
1256 2975 1358 3036 evita

240 3075 363 3137 tollitur
382 3077 486 3149 actio3
508 3085 540 3139 et
561 3077 685 3157 quidem
704 3096 774 3138 cnm
795 3097 833 3139 eo
854 3078 954 3154 modo,
984 3096 1044 3156 qno
1065 3076 1256 3161 Chrysippus
1277 3079 1356 3141 sole⁴

240 3182 302 3258 hat,
323 3180 376 3262 qul
396 3183 587 3259 ostendebat,
605 3182 632 3245 sl
653 3182 749 3245 fatale
770 3189 868 3259 esset,
896 3202 935 3243 ex
965 3184 1071 3245 morlro
1092 3184 1225 3265 aliquem
1247 3200 1357 3247 conra-

178 3292 180 3297 ’
240 3286 371 3363 lescere,
401 3287 554 3349 confatale
575 3307 660 3361 esse,
693 3289 847 3352 medicum
877 3291 915 3352 alr
943 3288 1011 3369 ipso
1036 3289 1196 3364 adhiberi3
1222 3297 1355 3363 tumeo,

240 3412 300 3473 quo
321 3392 505 3469 Carneades,
537 3393 589 3473 qui
609 3410 647 3454 ex
669 3412 705 3454 ea
734 3395 855 3455 ratione
877 3395 1022 3475 consequi
1053 3395 1194 3473 docebat,
1223 3400 1258 3456 ut
1279 3390 1356 3455 nihil

239 3498 329 3562 sitin
348 3504 504 3578 potestate
525 3505 639 3577 nostra,
663 3498 744 3578 quod
765 3498 876 3560 ialsrun
897 3519 966 3563 esse
987 3498 1190 3563 existimabat.
1210 3500 1355 3578 c.12.sq.

239 3605 373 3684 Attingit
395 3604 518 3665 tandem
540 3624 567 3665 c.
587 3606 618 3667 e.
643 3604 736 3666 etiam
765 3623 833 3666 eam
853 3608 924 3686 περὶ
950 3602 1086 3671 δυνατῶν
1106 3607 1355 3678 conuoversiam,

240 3728 318 3790 qnae
345 3709 427 3770 luter
454 3709 620 3770 Diodorum
644 3715 679 3770 et
706 3709 914 3791 Chrysippum
942 3716 1029 3772 erat:
1059 3727 1188 3791 quorum
1207 3711 1263 3772 ille
1284 3729 1357 3772 con·

239 3814 399 3892 tendebat,
420 3813 498 3875 nihil
520 3833 589 3877 esse
609 3814 765 3895 possibile,
784 3816 843 3878 nisi
862 3816 896 3878 id
917 3815 998 3896 quod
1020 3815 1131 3890 tieret3
1152 3817 1233 3878 alter
1244 3823 1356 3889 antem,

240 3920 337 3981 multa
357 3919 426 3980 lieri
446 3938 547 3998 posse
574 3919 710 3999 putabat,
733 3939 812 4001 qnae
832 3939 894 3983 non
922 3921 1122 3984 acciderent:
1153 3923 1185 3984 iu
1205 3942 1264 4002 qm
1284 3938 1357 3983 con·

239 4023 391 4086 troversia
412 4030 534 4086 constat
562 4023 747 4088 Ciceronem
774 4022 852 4090 sord
882 4020 1039 4109 Διόδωρον
1064 4026 1227 4089 iudicasse.
1248 4045 1276 4086 r.
1297 4024 1357 4103 Ep

238 4130 275 4189 ad
300 4130 366 4189 llis.
388 4147 428 4190 rr.
449 4129 480 4188 4.
512 4127 590 4190 Era.

721 4220 872 4261 *-
884 4291 885 4295 ,
