2892 4842
245 251 306 315 Μ
651 253 698 304 ΒΕ
713 190 962 307 DlVlNATlONB

243 423 351 492 banus
381 420 543 509 militani,
575 420 625 490 Μ
659 422 816 510 Valerio,
848 423 890 502 Α.
918 421 1075 494 Cornelio
1099 424 1308 512 omnbus,
1340 448 1359 495 ι

243 521 516 609 Samnitibusque
546 532 760 610 premeretur
793 534 908 591 noster
943 524 1126 609 exercitus,
1166 545 1245 594 curn
1267 527 1361 615 peri-

243 622 321 689 cula
346 620 554 711 proeliorum
579 621 677 689 iniret
700 619 881 708 audacius,
914 632 1192 711 monereturque,
1216 637 1255 692 ot
1278 645 1362 694 caa-

242 720 312 787 tior¹
333 719 433 804 esset,
457 717 552 808 dixit,
577 718 671 809 quod
696 730 804 788 entat
826 720 860 787 iu
884 720 1074 787 annalibus:
1099 722 1162 788 sibi
1183 722 1217 788 in
1240 724 1361 791 somnis

242 819 350 886 visum
374 818 458 904 esse,
488 838 566 887 cunr
590 820 625 888 in
655 818 775 887 mediis
799 818 955 887 hostibus
977 831 1178 907 uersaretur,
1202 820 1362 898 occidere

242 937 322 985 cunr
347 917 490 985 mannia
513 918 634 1010 gloria.
659 917 707 985 Et
731 927 804 991 tum
824 916 962 1006 quidem
985 917 1161 985 incolumis
1178 922 1362 990 exercitum

242 1013 418 1084 obsidione
448 1015 614 1084 liberavit.
656 1009 741 1084 Post
769 1016 946 1084 triennium
978 1026 1110 1103 autem,
1142 1038 1221 1085 cam
1245 1018 1361 1101 consul

242 1124 343 1201 esset,
367 1114 502 1182 devovit
524 1122 582 1201 se,
621 1126 657 1182 et
682 1115 715 1181 iu
740 1116 849 1182 aciem
879 1114 1076 1184 Latinorum
1105 1115 1228 1207 irrupit
1249 1139 1362 1186 anue-

242 1224 305 1282 tns.
341 1213 420 1297 Quo
447 1213 517 1282 eius
538 1214 632 1282 facto
656 1214 805 1303 superati
832 1224 908 1282 eunt
931 1223 966 1282 et
987 1211 1090 1281 deleti
1106 1213 1227 1283 Letiui.
1258 1213 1362 1284 Cuius

243 1334 335 1380 mors
358 1312 412 1378 ite·
436 1312 585 1404 gloriosa
615 1312 767 1400 fait‚1ut
800 1311 943 1380 eandem
974 1312 1232 1401 concupisceret
1263 1314 1361 1382 lilius.

198 1425 234 1471 tr.
244 1408 316 1478 Sed
340 1411 510 1477 veniamne
525 1430 632 1497 nunc,
657 1412 684 1479 si
707 1412 841 1501 placet,
863 1408 907 1478 ed
922 1410 1049 1479 somnia
1065 1410 1361 1501 philosophorum.

151 1561 154 1568 .
188 1506 233 1562 Ἀ
316 1509 379 1577 Est
402 1507 496 1599 apud
520 1509 698 1582 Platonem
721 1509 897 1596 Socrates,
934 1530 1013 1577 cum
1038 1519 1126 1577 esset
1150 1510 1183 1577 in
1208 1507 1361 1582 custodia

241 1670 789 1728 vemneismsancieeeoff.11.4.1e.
816 1671 890 1729 novit
902 1670 1009 1726 Decius.
1033 1669 1103 1724 Vide
1121 1671 1254 1726 Vaterr'mr
1274 1673 1361 1726 uast-

241 1759 269 1810 p.
283 1750 393 1810 roan.
408 1758 454 1795 nos
473 1742 508 1794 ad
525 1741 584 1796 Cic.
601 1741 635 1794 tle
646 1740 789 1794 N.n.111.
815 1760 884 1795 mam
901 1741 949 1796 lib.
971 1742 996 1793 1.
1013 1756 1071 1808 cop·
1095 1749 1183 1804 rint·
1204 1749 1235 1796 et
1256 1743 1362 1797 Liviam

242 1820 269 1865 θ.
279 1821 321 1868 lt.
334 1829 361 1880 p.
376 1818 435 1865 188.
450 1812 493 1863 ea.
506 1810 567 1864 min.
594 1812 647 1863 Pro
669 1829 683 1864 e
699 1810 790 1863 lleeit'r
817 1812 865 1866 lib.
878 1826 942 1865 vm.
958 1827 1017 1894 cap.
1027 1817 1053 1873 θ,
1062 1819 1086 1865 9.
1104 1811 1219 1865 Dorice:

194 1929 196 1940 ,
242 1889 285 1934 eat
304 1900 342 1935 er
361 1881 450 1933 Deciis
468 1880 495 1933 iu
509 1881 575 1934 Corl.
589 1882 624 1932 U.
640 1879 710 1933 Edu.
727 1882 789 1933 Aeo.
849 1881 877 1933 in
894 1884 1031 1948 roman]
1045 1880 1088 1946 lte
1100 1897 1158 1934 cam
1171 1885 1362 1951 nruprovui·

244 1955 268 2007 1:
284 1961 312 2006 2.
342 1952 417 2004 Cret.
433 1953 524 2004 Heru.
546 1953 610 2002 Turn
629 1949 795 2008 restituimur,
815 1959 876 2016 gato
894 1950 1002 2003 maiis
1015 1946 1139 2016 mimi
1159 1967 1193 2003 ex
1213 1953 1296 2006 eoae.
1316 1970 1362 2006 no·

242 2020 381 2075 lectionem
398 2022 489 2074 ooruul
497 2019 565 2087 suit,
580 2037 666 2087 quem,
678 2021 789 2072 uuelle—
814 2020 877 2073 sni·
893 2022 927 2071 U.
937 2023 976 2073 Μ.
995 2020 1064 2073 Etlrl.
1077 2020 1175 2076 srurm.
1188 2022 1263 2087 Sylb.
1279 2024 1361 2075 Verb-

242 2090 312 2144 berti
329 2089 457 2159 Stephani
479 2090 594 2144 editione
618 2091 789 2154 suffragante,
815 2089 888 2144 Oliv.
900 2092 964 2142 Era.
977 2089 1124 2157 nipflott.
1139 2085 1200 2143 8an
1216 2094 1279 2143 Mox
1294 2093 1361 2146 Cari.

241 2162 338 2215 tacitns
354 2167 503 2214 mutaverat
523 2164 592 2213 Dav.
607 2159 635 2211 in
647 2159 708 2226 fait
725 2177 787 2211 eorr-
816 2162 846 2211 ῐ..
860 2161 888 2212 tl.
904 2167 1059 2212 versaretur
1074 2159 1203 2213 bertilae.
1222 2162 1276 2215 Mr.

241 2235 292 2294 nil,
310 2230 435 2283 utentin
453 2229 696 2284 noetroCotl.b.c.
715 2230 770 2280 Mr.
850 2228 1063 2282 cummaxime
1099 2230 1185 2299 laria]
1201 2229 1362 2298 [tequidem

276 2303 316 2354 Μ.
332 2301 445 2364 luterio,
455 2303 489 2353 A.
504 2299 623 2352 canutio
635 2297 789 2364 eorr.]Co‹l.
815 2299 934 2381 plerique
949 2299 1027 2353 libri:
1047 2246 1100 2352 uel
1110 2307 1198 2353 tamen
1213 2301 1362 2364 natantium,

243 2374 307 2426 lac.
329 2373 586 2424 enucleaverunt
604 2371 644 2420 M.
666 2368 789 2421 Valerius
815 2385 843 2424 rn
869 2370 934 2422 Ceri.
954 2370 989 2421 U.
1011 2368 1081 2421 End.
1106 2371 1169 2422 Aac.
1190 2378 1216 2425 l.
1236 2379 1263 2425 2.
1287 2372 1362 2428 Crat.

240 2441 502 2498 Carvostertinmet
519 2442 555 2492 A.
571 2437 709 2491 (lamellas
726 2440 789 2489 Coa·
816 2440 908 2491 Herw.
938 2444 968 2491 et
998 2440 1063 2490 liob.
1097 2439 1188 2505 Stepb.
1217 2456 1276 2492 esee
1304 2460 1362 2495 eurr

240 2527 285 2563 sua
308 2510 409 2564 Arvina
425 2526 451 2562 a.
468 2526 496 2562 ιι.
511 2528 537 2562 c.
550 2523 648 2569 rnna,
672 2507 707 2558 tle
727 2523 789 2574 que-
815 2525 934 2576 magna
946 2509 1047 2577 gloria.
1065 2509 1119 2559 l’ro
1131 2509 1233 2561 littura
1248 2511 1361 2564 eodm.

240 2597 297 2633 rum
314 2582 450 2632 consulutu
472 2578 528 2633 uirl.
551 2580 613 2630 Car.
626 2575 747 2641 Sigonius
761 2575 788 2629 iu
814 2580 896 2632 babet
918 2577 1000 2633 Tuae.
1034 2582 1076 2630 De
1103 2576 1254 2632 differentia
1270 2596 1362 2635 vocam

240 2652 339 2702 Cenum.
356 2647 383 2701 lu
406 2651 497 2700 Festos
516 2653 545 2700 et
566 2645 699 2713 Triumpb.
714 2647 789 2697 Rern.
815 2655 909 2701 tumet
919 2655 982 2702 tuae
993 2665 1072 2715 supra
1081 2646 1267 2701 manutenes.
1281 2652 1362 2704 etiaaa

240 2734 269 2790 p·
278 2724 338 2773 12³.
361 2734 400 2784 sq.
422 2717 466 2769 el.
489 2719 527 2770 fl:
549 2717 642 2782 Stepn.
666 2715 699 2767 In
715 2731 788 2782 seqq·
815 2737 874 2772 eura
888 2717 991 2787 quidem
1009 2717 1362 2774 exereiturincolumirdllr.

241 2786 310 2841 eoo.
333 2787 381 2838 Cr.
416 2794 687 2854 premereturque
709 2785 791 2838 hebet
849 2788 954 2841 devovit
970 2790 1015 2859 re]
1048 2789 1193 2841 Fonnnlom
1215 2788 1363 2843 (levationis

240 2863 449 2925 nweretarqne.
474 2857 540 2908 Col.
557 2857 586 2907 S.
603 2872 661 2906 eum
672 2855 750 2919 QtQa
763 2862 790 2907 et
816 2866 909 2911 etrenr
926 2856 1008 2926 ipsam
1027 2864 1151 2910 accurate
1168 2860 1253 2911 refert
1273 2859 1363 2914 Liviae

241 2927 277 2979 ll.
294 2925 351 2978 mit.
371 2928 409 2979 Μ.
425 2926 526 2978 valerie
541 2924 644 2986 Attilio,
667 2924 791 2987 eumelio,
818 2944 882 2980 vin.
898 2935 923 2981 9.
943 2927 1015 2980 caius
1036 2926 1165 2980 etiamne
1185 2946 1217 2983 ea
1229 2947 1259 2983 re
1271 2928 1362 2997 ‹lispu-

240 2999 355 3058 aeasub,
369 3014 387 3048 a
401 2995 617 3064 raemitibueque.
637 2995 691 3047 Mr.
816 2997 884 3050 tutio
902 2998 1014 3062 legende
1043 3003 1084 3050 est
1104 3013 1164 3064 cep-
1185 3006 1228 3052 lo.
1248 3005 1364 3052 extr.-

275 3066 332 3116 Sibi
355 3064 385 3116 in
402 3065 516 3135 somnis]
539 3066 584 3118 Sic
605 3072 679 3117 recte
701 3063 788 3117 Paris.
817 3068 996 3121 Proetdeleti
1007 3075 1048 3120 est
1057 3067 1187 3135 deletique
1199 3067 1226 3120 in
1238 3069 1303 3122 Col.
1313 3071 1363 3129 M„

153 3139 156 3144 '
241 3137 357 3188 Merton.
373 3137 446 3187 Med.
463 3135 579 3188 Cantub.
604 3142 633 3188 et
652 3137 717 3199 neg.
729 3151 789 3187 uam
815 3136 884 3205 qaod
900 3153 933 3189 ne
953 3138 1089 3205 praeferas
1106 3137 1143 3188 cf.
1155 3139 1311 3192 Stnllbeum.
1327 3139 1363 3191 ed

241 3208 320 3269 vulgo
332 3222 468 3273 perperam
479 3205 595 3257 miuus.
617 3204 690 3258 Licet
701 3211 788 3256 autem
815 3206 990 3261 Ruddimaun.
1014 3209 1082 3260 luet.
1110 3208 1225 3260 Graiam.
1247 3211 1307 3261 Let.
1322 3207 1362 3259 11.

241 3276 312 3328 bello
331 3274 471 3329 Samnitico
496 3274 637 3327 fortissime
657 3293 686 3329 se
700 3291 787 3338 gesse·
815 3294 842 3344 p.
860 3283 921 3332 tlt.
935 3278 1003 3329 Corl.
1023 3280 1057 3330 a.
1083 3276 1182 3329 deuicti
1205 3294 1252 3345 pro
1271 3276 1362 3329 deleti.

240 3345 279 3398 rit
294 3345 328 3397 P.
344 3345 450 3406 Decius,
469 3359 521 3397 nou
541 3354 627 3399 tamen
654 3355 706 3399 tam
723 3350 789 3397 tenr-
816 3345 882 3400 eoa.
897 3349 926 3397 S.
944 3353 997 3400 tam
1011 3346 1126 3415 preitar
1139 3346 1209 3400 illem
1221 3348 1321 3400 omittit
1338 3347 1364 3398 ri

238 3413 309 3484 poris
331 3416 380 3467 boc
397 3413 524 3467 accidisse
546 3415 670 3468 ninnium
691 3429 788 3466 memo·
811 3418 909 3484 placet.
928 3417 982 3469 Mr.

240 3486 458 3539 rautAuctores:
478 3484 631 3539 tedenderit
644 3492 720 3536 noete
736 3484 788 3535 dae
852 3485 887 3538 Ut
910 3487 1018 3538 eandem
1051 3485 1247 3555 concupisceret
1266 3484 1363 3553 flius]

240 3556 360 3608 murata
373 3556 405 3607 P.
428 3554 527 3607 Deeiur
546 3556 609 3608 Mae
624 3562 650 3607 et
667 3554 699 3606 T.
710 3555 789 3606 Man·
816 3553 885 3609 Quin
898 3564 927 3612 ot
938 3572 1020 3622 uepoe
1040 3574 1096 3608 ree
1112 3556 1258 3609 continenti
1262 3572 1364 3625 genere

239 3625 294 3679 lios
310 3625 461 3695 Torquatue
476 3625 574 3677 batiae
583 3625 647 3678 belle
663 3622 789 3676 emerium
816 3625 923 3678 tertiam
941 3626 1074 3678 uictimam
1091 3626 1170 3694 Reip.
1184 3625 1318 3694 praebuit,
1333 3631 1365 3678 ut

238 3696 375 3749 videram.
404 3696 515 3764 Utrique
531 3695 600 3748 erim
620 3694 790 3764 quidamper
816 3693 1243 3752 nituerterFinu.lib.ll.c.19.
1261 3694 1364 3750 Aulioi·

238 3766 338 3835 quietis
360 3767 472 3833 speeiem
489 3764 628 3834 praedixit
649 3782 682 3816 er
703 3766 789 3816 altera
815 3772 846 3817 et
858 3767 934 3819 Tusc.
945 3768 970 3827 1,
979 3773 1022 3821 tt.
1042 3765 1150 3819 Daeiee.
1238 3819 1243 3830 ,

239 3835 299 3888 acie
317 3834 564 3903 Imperatermea
581 3837 668 3887 altera
688 3833 790 3885 στενοὶ·
849 3834 914 3887 Est
936 3836 1009 3904 apati
1028 3836 1164 3889 Platonem
1188 3834 1363 3894 Socrates,-

241 3914 305 3967 tam,
320 3905 381 3958 ott·
401 3907 526 3960 Moritur
538 3904 673 3973 Matrique
689 3902 789 3955 Terrae
815 3904 954 3973 dicem]
985 3905 1141 3971 Coniugatio
1164 3913 1206 3957 est
1229 3901 1364 3984 periphra-

240 3976 346 4029 rieberi:
362 3977 453 4029 utrius
465 3984 554 4029 autent
568 3973 729 4043 Dureepiar
741 3974 790 4026 lto-
814 3973 893 4037 stica,
905 3974 978 4027 cuiue
999 3978 1119 4041 exemplu
1142 3975 1252 4038 collegit
1272 3974 1365 4027 ilume-

240 4047 322 4100 str'rau
349 4048 561 4115 aggrederetur,
590 4062 721 4128 superque
743 4062 789 4096 eae
816 4045 1021 4099 borum-Lot·
1041 4050 1066 4112 ᾧ.
1082 4051 1141 4100 tet.
1163 4061 1190 4112 p·
1206 4048 1266 4098 toa.
1286 4042 1365 4095 Adde

241 4115 789 4242 tittltmtt‘ttttttttt‘tlt·
816 4112 1365 4253 l⁰l‘⁸rt‘¹ff¹¹fit¹¹¹tlt.tt²stilti·
