2892 4842
540 304 646 358 unm
666 304 691 368 1,
707 311 750 360 ss.
1053 371 1056 376 4
1140 301 1205 367 m

74 480 217 559 misses,
248 497 303 542 me
334 474 596 562 contremuisse,
635 476 758 543 timore
792 476 1029 566 perterritum:
1062 487 1133 542 tum
1167 487 1203 543 te

75 585 219 665 repente
236 575 364 642 laetum
390 576 548 660 extitisse,
562 573 755 662 eodemque
778 597 868 664 equo
890 575 1067 643 sdverssm
1084 596 1202 642 escen-

46 676 167 745 uisse
193 674 314 763 ripam,
347 695 476 760 nosque
500 674 586 740 inter
619 696 679 743 nos
700 695 784 766 esse
817 674 1024 765 eomplexos.
1077 674 1203 741 Facilis

76 773 272 842 coniectura
297 771 399 839 huius
424 771 563 839 somniiz
594 772 749 859 mihique
774 796 794 839 s
818 772 936 862 peritis
951 773 985 841 in
1000 773 1080 840 Asin
1099 794 1203 862 prse-

76 874 209 940 dictum
240 882 309 955 est,
342 870 418 937 fore
460 893 519 939 eos
553 881 690 938 eventus
730 894 861 958 rernm,
900 871 960 960 qui
995 870 1203 939 aeciderunt.

78 971 188 1040 Venio
211 990 300 1037 nuno
332 967 377 1037 nd
402 979 509 1037 tuum.
557 966 682 1037 Audivi
713 969 875 1059 equidem
900 991 942 1038 ex
965 980 1000 1037 te
1029 970 1116 1059 ipso,
1142 967 1249 1036 sedus.

78 1069 166 1136 milri
192 1068 326 1159 saepius
350 1079 464 1135 noster
486 1067 650 1135 Salustius
674 1069 839 1149 narravit3
863 1090 942 1136 eum
966 1070 1000 1161 in
1024 1069 1082 1136 ills
1108 1068 1204 1158 fuga,

78 1168 176 1236 nobis
214 1167 384 1258 gloriose,
425 1166 558 1256 patrius
601 1166 817 1254 calamitose,
865 1168 900 1234 in
940 1168 1021 1235 villu
1055 1166 1304 1256 qusdsmntts»

78 1267 194 1372 campi
219 1266 361 1333 Atinatis
386 1286 549 1352 maneres,
572 1286 801 1357 magnamque
824 1280 959 1356 partem
984 1267 1091 1334 noetis
1115 1267 1204 1358 vigi-

75 1449 189 1519 ,roseti
198 1447 318 1511 dicimur,
332 1447 629 1501 sitSehwars.adPlin.
656 1450 763 1504 extiti
768 1468 831 1504 ses.
843 1451 886 1503 Ad
899 1452 982 1505 verbs
991 1452 1130 1520 eodemque
1139 1466 1204 1517 eque

79 1523 272 1583 Penemuvr.
290 1535 317 1584 p.
334 1525 393 1572 118.
409 1518 517 1570 lsnslsto
536 1525 564 1569 et
583 1534 630 1570 no-
657 1519 1033 1584 snbendiendtmiestseetsss,
1046 1536 1205 1590 sequetem
1285 1583 1288 1588 ⁴

80 1599 138 1642 stro
152 1593 210 1643 loco
225 1593 256 1638 et
268 1587 378 1641 aliorum
394 1587 629 1653 scriptorumeliis.
657 1606 690 1643 es
705 1600 767 1643 sunt
778 1590 904 1653 sblstivi,
921 1608 987 1659 quos
999 1591 1101 1654 &cunt
1110 1590 1207 1645 iustru-
1394 1623 1396 1630 ›

82 1661 134 1712 Pro
150 1662 275 1725 delapsus
284 1656 351 1709 eos.
361 1657 426 1709 led.
444 1658 630 1710 detstssstum
656 1661 748 1714 menti.
766 1659 844 1715 Quod
852 1660 1046 1716 mossuibitss
1062 1662 1135 1714 ister
1147 1678 1207 1723 suos,

81 1732 114 1781 R.
131 1730 161 1780 iss
173 1727 335 1795 flumine.
350 1729 382 1779 1..
397 1726 582 1795 dameam.
597 1731 628 1779 11.
656 1747 706 1798 pro
725 1749 774 1782 uos
802 1730 926 1792 issoieess,
950 1730 1011 1784 ideo
1036 1731 1135 1784 fsetom
1156 1737 1208 1792 est,

80 1799 243 1868 aperuisses
264 1800 317 1850 Me·
656 1799 718 1868 quis
736 1800 830 1853 Ciceso
851 1801 934 1854 serbo
948 1800 1060 1856 issieess
1070 1804 1115 1856 vel
1127 1803 1208 1866 plene

119 1870 276 1935 strepente
295 1870 392 1919 tsetsss
406 1862 541 1934 extitisse]
563 1868 629 1934 seg.
656 1870 804 1931 sustinuit,
824 1872 868 1923 vel
891 1868 1049 1923 rsrissimum
1074 1870 1126 1924 sibi
1149 1871 1208 1923 eise

81 1938 348 1994 acaunensium
364 1936 511 1989 exsiliisse.-
523 1940 630 2001 seuss-
657 1955 731 1992 usum
746 1940 888 1992 mucsssit.
905 1943 956 1993 Est
973 1938 1078 2008 quidem
1094 1942 1129 1995 sd
1145 1944 1205 1994 Att.

82 2009 228 2064 nitentibus
248 2006 364 2060 melioris
380 2013 460 2059 nomo
480 2007 631 2067 Codicibus,
658 2011 692 2060 V.
708 2017 750 2063 1⁰.
765 2018 833 2061 totus
844 2010 903 2061 dies
912 2009 1106 2064 timuissemus
1119 2010 1206 2061 isui-

82 2081 150 2133 uibil
163 2086 206 2131 est
218 2079 380 2132 mumdum.
399 2079 503 2129 Austor
510 2077 544 2128 de
558 2078 630 2129 usn.
657 2096 730 2131 sess.
747 2079 802 2131 Sed
824 2079 862 2132 ibi
875 2087 917 2132 est
932 2098 966 2133 ex
980 2080 1157 2141 correctione,
1173 2096 1207 2132 ox

82 2150 167 2202 At'ric·
178 2165 238 2214 esp.
254 2163 305 2200 vir·
324 2146 421 2198 batem
437 2147 505 2198 ssim
519 2146 548 2197 ie
563 2146 630 2198 iusi-
658 2147 734 2201 libris
751 2149 865 2217 quidem,
881 2151 930 2203 sed
949 2150 1122 2218 paucissimis,
1144 2153 1207 2203 lisu-

83 2222 138 2271 diis
167 2236 227 2270 ests
252 2216 327 2283 equis
353 2216 425 2268 ister
448 2219 587 2277 convalles,
604 2225 630 2268 et
657 2226 749 2278 atsur
765 2219 840 2272 sides
855 2237 889 2272 ex
906 2220 1098 2273 Commentario
1112 2221 1208 2271 Manu-

82 2290 170 2342 ssbite
192 2289 327 2348 esistunt,
350 2288 398 2340 bos
417 2294 469 2348 est,
489 2293 631 2353 apperens.
657 2288 690 2340 tii
701 2291 736 2339 sd
751 2306 810 2340 eum
824 2292 908 2342 locum
919 2295 1015 2356 ptos.
1028 2290 1079 2340 Ed.
1089 2291 1207 2340 wechel.

83 2361 147 2413 Illic
155 2359 256 2414 Elisus.
266 2356 495 2416 nosteresiliuut5
513 2355 632 2409 sodmihi
658 2364 689 2409 et
700 2375 735 2409 es
747 2361 846 2411 Gomm.
863 2358 929 2412 Sim.
943 2358 1017 2411 Bosii
1032 2357 1098 2412 ibit.
1120 2375 1147 2424 p·
1163 2364 1208 2411 bb.

84 2431 135 2486 ism
151 2445 202 2481 non
217 2427 325 2479 videtur
335 2427 490 2478 audiendus.
503 2427 632 2480 lusiano-
658 2421 818 2495 qui'prot'ert
830 2445 864 2479 ex
874 2429 939 2480 Cod-
949 2429 1128 2481 'l'orusosisno
1146 2426 1209 2479 iss·

84 2508 141 2552 stet·
154 2515 215 2564 esp·
226 2504 268 2551 18.
289 2497 445 2548 submersus
460 2515 542 2564 equsu
555 2513 631 2548 voro-
658 2496 730 2558 cum,
747 2497 775 2549 in
795 2498 927 2566 plerisque
938 2513 997 2549 esse
1015 2497 1055 2552 sit
1068 2495 1165 2559 iuneti,
1178 2502 1211 2549 tsi

81 2569 194 2638 gisibss
208 2584 260 2618 sos
272 2565 373 2619 estitit.
387 2565 438 2617 Ubi
455 2584 507 2618 non
518 2575 633 2620 erstcur
659 2575 702 2619 ost
715 2566 743 2618 in
763 2568 832 2619 Edd.
848 2567 949 2620 Victor.
965 2569 1028 2619 Ass.
1045 2576 1069 2620 1.
1079 2577 1106 2622 2.
1130 2567 1208 2619 ciat.

85 2656 137 2696 vox
151 2637 243 2691 ultim
257 2638 376 2688 Grutero
393 2635 559 2702 displiceret.
577 2637 632 2688 lte-
660 2640 752 2690 Hosw·
771 2638 823 2689 Mr.
1217 2700 1219 2704 .

84 2726 142 2761 rum
154 2709 201 2759 lib.
215 2706 254 2757 11.
271 2724 332 2785 esp·
346 2713 390 2760 2³.
416 2705 507 2774 Tages
525 2707 634 2775 quidam
688 2706 786 2773 jacitis
799 2706 966 2774 eossieeturo]
979 2706 1045 2776 Cod.
1056 2706 1121 2759 Μ.
1132 2705 1210 2770 soei·

84 2777 357 2830 dieitur—extitisse
385 2786 502 2843 repente,
529 2786 556 2829 et
575 2794 634 2828 eum
660 2777 695 2829 lis
710 2783 842 2841 cetera,
858 2794 893 2828 ex
911 2778 1063 2829 malelocto
1073 2774 1211 2829 scribendi

85 2851 199 2914 adfatus
225 2863 283 2898 esse
311 2846 358 2913 qui
378 2847 483 2899 arabat.
512 2846 635 2916 Agusius
659 2845 823 2913 compendio.
852 2845 1090 2899 Vooeeossieeturo
1108 2846 1212 2908 eodem

86 2923 168 2972 Noct.
178 2914 262 2973 nuic.
278 2914 327 2968 tib.
343 2930 403 2968 rvr.
417 2932 478 2985 esp.
495 2925 539 2971 lo.
562 2916 635 2968 luter
661 2933 713 2983 quo
728 2921 753 2967 b.
765 2920 802 2979 1.,
819 2933 897 2970 sensu
911 2933 973 2970 osus
985 2914 1105 2970 estinirs
1117 2917 1157 2968 11.
1166 2921 1212 2970 ot.

86 2992 153 3041 besee
171 3002 261 3038 eorum
276 2985 356 3038 verba
368 2985 491 3039 Arionem
502 2986 635 3054 sumfidi-
661 2987 687 3038 si
701 2986 823 3053 iomfieri
835 2985 1212 3056 possitoeroeossieotura

86 3060 135 3112 bus
150 3066 177 3110 et
191 3056 368 3116 indumentis,
382 3073 442 3107 eum
455 3057 550 3124 essibus
565 3074 593 3108 se
607 3057 636 3107 s'ss
661 3056 830 3109 somniorum.
844 3062 907 3110 Mox
916 3057 982 3109 Cod.
988 3058 1034 3108 Cr.
1042 3058 1213 3122 praedictum

86 3132 173 3182 sulum
192 3126 396 3189 eiaculaverat,
415 3128 547 3180 extitisse.
567 3125 636 3178 Vide
663 3143 744 3178 esse.
763 3128 837 3179 Idem
849 3129 999 3180 moxbebet
1012 3125 1215 3179 Veuiosutess

87 3199 168 3252 siset
183 3195 305 3257 Curtium
323 3194 372 3247 tib.
395 3210 447 3247 vir.
471 3214 531 3264 esp.
548 3212 579 3259 x,
594 3202 636 3252 1⁴.
662 3197 795 3249 adtuuus.
818 3200 881 3248 Tum
902 3193 997 3263 scripsi
1019 3196 1156 3249 Salustius
1181 3210 1215 3246 es

89 3269 198 3321 Dasies.
297 3317 302 3325 ,
428 3301 431 3307 ·
665 3265 1216 3333 cou.n.ssss.nou1.quauqusmimss

43 3349 49 3358 ‘
124 3348 179 3391 tusi
197 3345 224 3388 te
244 3356 275 3390 re
326 3346 351 3388 te
376 3339 474 3388 lusisse
501 3334 637 3405 extitisse]
666 3335 773 3388 Codicis
786 3334 813 3388 in
829 3335 915 3388 litoris
930 3338 975 3388 sel
988 3335 1152 3403 simplicibus
1170 3338 1216 3389 vel

88 3410 156 3462 Coti.
165 3407 253 3458 Oxou.
283 3406 300 3458 ⁸.
316 3414 346 3459 et
362 3413 454 3458 noster
467 3408 496 3457 b.
513 3407 539 3457 b.
560 3404 639 3458 omit-
665 3405 810 3473 duplicatis
829 3407 902 3458 nulls
925 3413 969 3459 est
985 3406 1145 3459 auctoritas:
1166 3406 1216 3458 seu

87 3486 150 3532 tunt
167 3487 202 3534 te,
223 3478 376 3543 sbsorptum
396 3474 519 3528 nimirum
532 3476 639 3542 syllaba
666 3482 752 3527 motos
778 3474 810 3526 iis
835 3473 998 3537 rationibus,
1022 3475 1117 3544 quibus
1131 3491 1215 3539 nuper

88 3555 216 3616 sequente
230 3565 269 3597 re.
288 3547 365 3598 Locis
383 3544 520 3599 estisio
539 3561 587 3612 pro
601 3547 638 3596 is·
666 3544 780 3597 Salustii
793 3543 911 3596 histos-ici
931 3561 1024 3597 nomen
1038 3546 1077 3598 its
1094 3544 1216 3597 scriben-
1253 3553 1284 3572 “·

87 3621 178 3674 ctione
197 3617 334 3670 exstitisse
352 3616 468 3668 munaus
488 3614 565 3668 addit
588 3618 639 3669 Rs·
667 3616 728 3668 ilum
740 3632 798 3667 esse
817 3613 954 3680 praecepit
965 3612 1131 3668 Gerlscbius.
1144 3614 1199 3665 Me.

88 3689 162 3742 usim
180 3690 215 3740 de
229 3687 285 3739 off.
298 3689 322 3739 1.
332 3693 382 3740 s&
400 3685 445 3737 ubi
465 3693 524 3737 est:
543 3703 576 3737 se
590 3693 640 3738 ost
703 3685 801 3737 Noster
815 3684 971 3752 Sallustius]
993 3687 1053 3736 Non
1068 3681 1218 3746 historicus,

87 3759 135 3812 irs
162 3758 296 3811 existat
317 3763 367 3808 ast
390 3755 528 3823 cupiditas
548 3756 641 3824 ulique
667 3757 715 3809 sed
726 3757 765 3806 Μ.
775 3754 910 3810 Ciceronis
924 3754 1037 3807 libertus
1047 3752 1217 3818 intelligitur.

88 3839 140 3884 est
153 3827 274 3898 pigritia
296 3834 346 3880 sut
377 3824 490 3894 Quouis
513 3834 564 3877 out
586 3828 641 3878 tale
670 3825 778 3878 Daoiss.

89 3900 195 3969 aliquid
213 3904 402 3964 appareat.-
420 3912 572 3964 quamnquam
593 3898 641 3948 boc
702 3898 842 3961 moseres]
865 3897 926 3948 Hoc
943 3910 1038 3955 mnes,
1058 3900 1087 3945 nt
1108 3892 1146 3946 eit
1159 3893 1178 3945 i.
1191 3910 1217 3960 q.

28 4005 32 4010 -
57 3981 65 3992 '
89 3970 196 4039 quidem
211 3971 270 4019 loco
291 3982 367 4019 nemo
389 3966 424 4025 de
441 3966 555 4019 lectione
569 3967 640 4018 essi-
665 3973 855 4033 pernoctasse,
879 3965 931 4018 suit
958 3980 1036 4030 supra
1055 3981 1081 4015 e.
1097 3971 1139 4018 15.
1158 3980 1220 4015 eou-

89 4042 140 4094 tiss
151 4038 273 4104 cogitare
291 4043 392 4103 posset.
422 4036 521 4089 Metius
535 4039 585 4088 lius
601 4036 641 4089 t’s·
669 4039 743 4088 slave
761 4036 836 4097 iliud,
852 4029 897 4087 ubi
910 4043 971 4087 esst
987 4051 1219 4094 manseros,—

88 4112 189 4164 citor.
204 4109 233 4161 iu
251 4109 328 4160 Verr.
341 4108 406 4158 Act.
415 4107 455 4158 11.
467 4111 497 4159 L.
511 4122 585 4157 rv.c.
598 4111 642 4160 48.
667 4105 790 4173 prosimu
813 4113 890 4157 noete
908 4105 1021 4158 corruit.
1040 4105 1115 4158 Quod
1127 4093 1217 4158 lamb.

91 4189 153 4235 1111.
163 4180 292 4247 spelunca
301 4177 544 4245 quosdam-qua
554 4175 643 4228 Ditem
669 4192 728 4228 mox
742 4174 854 4229 coniecit
871 4173 997 4239 dormire,
1024 4191 1075 4227 non
1096 4190 1219 4227 neemen-

87 4260 198 4320 pstrem
220 4250 318 4315 smst
343 4255 452 4314 repente
475 4264 535 4301 coss
558 4264 643 4300 eursu
669 4244 735 4300 rium
753 4245 889 4302 existimat
902 4249 980 4302 Hott.
1000 4261 1059 4300 cnm
1073 4246 1220 4299 domitore
