2892 4842
229 302 290 349 vni

227 462 363 554 muns.
398 461 501 549 Quod
514 485 589 535 uon
612 460 765 532 omnibus
790 461 986 533 erliumentis
1010 464 1043 531 in
1068 464 1142 555 ipso
1163 480 1334 532 mmmm-

228 590 315 657 urio
340 578 581 660 conscribendo
604 611 682 657 utus
707 590 794 675 sum,
818 590 963 679 ideoque
990 594 1077 659 iusto
1100 592 1173 660 fere
1201 584 1334 676 longior

228 717 397 804 appendix
420 710 508 775 libro
538 711 689 795 secessit,
721 706 759 775 id
790 723 828 774 ru
859 726 1028 790 caverem,
1058 728 1159 796 penes
1190 734 1245 779 me
1269 730 1335 776 non

228 830 328 901 stetit.
382 830 542 898 Traditus
582 837 670 890 enlm
710 836 761 891 est
798 826 884 894 liber
930 825 1041 917 operis
1083 825 1214 892 ineunte
1249 844 1335 888 enno

227 952 513 1036 Mooccxxvl,
538 972 644 1040 quum
668 972 708 1016 ea
731 948 775 1015 ed
800 971 854 1018 me
877 950 1015 1017 aliatum
1041 951 1091 1035 iri,
1116 973 1203 1040 quae
1218 962 1336 1041 posteo

159 1165 161 1169 .
228 1081 272 1148 ad
303 1102 357 1147 me
389 1079 503 1146 delate
536 1088 629 1161 sunt,
671 1101 713 1144 ne
752 1089 962 1167 compertum
995 1079 1131 1165 quidem
1163 1080 1334 1147 hanaen.

229 1209 395 1276 Nolebom
419 1217 530 1273 temen
556 1203 696 1275 retinere
721 1176 757 1274 et
780 1203 963 1296 neglexisse
985 1205 1090 1273 videri
1115 1226 1166 1287 ee,
1191 1226 1278 1291 quae
1301 1214 1337 1270 ct

227 1357 248 1402 a
270 1333 347 1400 viris
371 1330 540 1399 bcumolis
565 1342 599 1399 et
623 1331 758 1400 fortune
785 1330 927 1398 fautrice
951 1330 1162 1414 offerrentur,
1186 1341 1234 1412 ut,
1258 1328 1336 1416 qui-

227 1461 291 1527 bus
314 1481 417 1527 curae
450 1466 546 1542 esset,
577 1469 779 1547 apparatum
810 1456 937 1523 hebere
971 1478 1073 1545 quarn
1096 1456 1337 1546 plenissimum,

226 1586 407 1671 heberent,
448 1604 516 1672 quo
550 1593 737 1667 uterentur,
775 1583 921 1672 reliquos
958 1583 1174 1674 pirguiemm
1208 1583 1337 1672 aliquot

226 1713 414 1781 accessione
436 1732 501 1776 uon
525 1710 690 1778 offensum
714 1713 756 1779 iri
780 1732 926 1802 sperans.
972 1708 1074 1794 Quod
1099 1709 1266 1799 reliquum
1285 1718 1338 1777 est

227 1838 459 1906 honestissimo
482 1836 662 1907 redemtori
688 1838 798 1928 gratia
822 1846 873 1906 est
894 1837 1061 1921 habendo,
1075 1838 1180 1926 quod,
1204 1851 1242 1909 ut
1265 1838 1336 1905 eie-

227 1964 418 2053 gantissime
442 1965 566 2033 librum
594 1966 716 2034 excudi
739 1964 878 2052 curavit,
904 1965 951 2031 ita
978 1962 1013 2030 id
1037 1964 1248 2056 potissimum
1272 1966 1337 2033 sibi

228 2086 419 2156 faciendum
444 2089 548 2175 duxit,
583 2102 747 2182 utquam
779 2089 1063 2160 emendatissimus
1084 2092 1246 2182 prodiret
1298 2094 1337 2161 ln

137 2258 142 2269 ·
228 2226 385 2285 contens
404 2219 561 2306 ecquidem
577 2220 660 2287 nihil
685 2218 758 2287 fere
782 2216 1003 2309 deprehendi,
1027 2219 1122 2308 quod
1146 2230 1338 2291 correctum
1425 2260 1427 2269 v

227 2342 359 2430 vellem,
384 2344 445 2412 nisi
469 2344 726 2433 distinctionem,
754 2369 856 2436 quam
885 2367 949 2412 non
976 2349 1079 2415 semel
1103 2349 1204 2439 plone
1223 2348 1336 2445 valiter,

229 2491 332 2579 quam
356 2492 433 2562 ego>
449 2474 580 2561 vellem,
605 2495 883 2561 correxeramque
910 2472 942 2536 in
968 2475 1123 2563 exemplo
1148 2475 1337 2567 Davisiuno,

77 2624 82 2634 ·
228 2597 412 2664 exhibitam
437 2621 693 2690 expressumque
716 2598 825 2665 video.
869 2595 911 2664 ld
936 2619 1061 2684 quaeso
1083 2619 1124 2666 ne
1148 2599 1231 2666 mibi
1255 2601 1337 2669 vitio

229 2734 377 2813 vertent,
413 2727 472 2817 qui
517 2726 668 2795 censorio
703 2725 886 2817 fungentur
925 2722 969 2790 de
1002 2746 1077 2790 mee
1110 2726 1338 2817 qualicunque

228 2828 333 2944 opere
358 2875 515 2924 munere:
554 2854 727 2941 scientque
750 2851 864 2919 multis
888 2858 999 2917 tamen
1023 2852 1208 2921 nominihus
1232 2876 1336 2925 eccu-

230 2980 386 3047 retiorem
409 3005 480 3050 esse
495 3002 580 3065 eom,
605 2998 706 3068 quum
724 2976 930 3064 exhibemus,
954 2977 1209 3067 distinctionem,
1233 3006 1336 3072 quom

230 3107 390 3195 omnium,
421 3115 590 3197 quotquot
621 3105 738 3175 adhuc
768 3106 862 3174 nobis
896 3105 1059 3197 inspicere
1083 3107 1187 3194 licuit,
1211 3109 1336 3178 horum

230 3231 392 3302 librorum
417 3234 609 3304 editionum.

302 3360 354 3429 Dc
380 3362 517 3433 consilio
549 3361 702 3430 editionis
737 3371 867 3430 nostroe
902 3382 967 3431 uon
1000 3372 1050 3431 est
1082 3364 1175 3454 quod
1199 3328 1335 3434 monet!-

164 3526 166 3535 ·
231 3511 304 3557 mus
328 3499 405 3580 pout
428 3511 485 3572 ea,
524 3510 610 3577 quoe
644 3499 677 3555 et
711 3513 732 3556 e
763 3488 931 3557 Creuzero
967 3491 1010 3558 ad
1038 3490 1147 3560 codd.
1172 3492 1336 3561 librorum

232 3617 275 3684 de
300 3617 341 3685 Ν.
367 3614 416 3684 Ι).“
442 3615 542 3683 etde
563 3614 713 3708 Legibus
746 3629 781 3725 qt
805 3638 825 3682 u
849 3638 914 3704 me,
939 3618 972 3685 in
996 3618 1205 3710 praefatione
1229 3616 1336 3685 libro-

232 3766 308 3811 rum
337 3744 382 3811 de
413 3744 467 3812 Re
496 3744 635 3835 publica
673 3743 868 3835 fragmentis
899 3744 1099 3835 praemissa,
1128 3744 1219 3813 dicu
1251 3732 1335 3814 sunt.

232 3871 301 3954 Qui
325 3869 511 3961 probarunt
532 3872 664 3941 illorum
691 3872 874 3941 editionum
899 3872 1073 3941 consilium
1106 3883 1140 3940 et
1164 3873 1335 3971 rstiopem,

232 3997 426 4088 probabunt
449 3998 548 4066 etiem
571 3998 659 4069 hanc
684 4010 831 4068 nostrum
848 4021 987 4091 operam
1002 3997 1033 4065 iu
1050 3995 1211 4070 Cicerone
1222 4024 1335 4069 emen-

233 4121 343 4191 dando
375 4134 409 4192 ct
440 4124 638 4214 explicando
672 4127 833 4219 positum,
875 4126 1218 4218 animadvertentque,
1248 4150 1335 4217 quae
