2892 4842
229 271 290 332 lto
628 278 676 327 oe
693 276 943 331 DIVINATIONE
972 279 974 286 ’

229 443 423 511 coniectura
440 444 558 526 ,etiam
597 437 631 512 in
661 444 824 534 Dionysio
859 456 932 532 est,
967 445 1086 535 paullo
1123 438 1201 515 anie
1242 473 1345 539 quam

228 563 372 633 regnare
401 544 537 633 coepit:
574 546 634 632 qui
667 560 746 609 cum
784 567 850 634 per
889 567 1010 636 agrum
1042 544 1245 615 Leontinum
1280 552 1345 620 iter

227 640 354 708 faciens
396 663 520 729 equam
558 644 633 733 ipse
675 639 863 711 demisisset
901 645 937 710 in
975 644 1118 731 flumen,
1152 647 1345 717 submersus

227 761 334 826 equus
360 740 575 830 voraginibus
599 762 666 806 non
691 740 839 809 exstitit:
865 763 968 830 quem
992 763 1071 810 cnm
1095 742 1240 811 aramma
1261 751 1345 813 con-

146 857 156 872 s
227 838 376 905 tentione
402 860 467 905 non
493 837 659 930 potuisset
685 838 889 921 extrahere3
923 837 1093 925 discessit,
1126 849 1165 907 ut
1189 844 1237 910 ait
1257 844 1341 912 Phi·
1393 862 1396 869 ’

225 935 331 1017 listas,
362 959 467 1028 segre
492 939 613 1006 ferens.
663 935 750 1005 Cum
777 950 890 1005 autem
913 938 1157 1025 aliquantulam
1181 962 1345 1032 progres-

226 1056 281 1099 sus
306 1045 419 1119 esset,
454 1037 565 1104 subito
603 1034 773 1104 exaudivit
808 1036 995 1122 hinnitum,
1036 1038 1269 1126 respexitque,
1310 1051 1345 1107 et

226 1154 351 1219 equum
382 1135 532 1201 alacrem
562 1136 671 1202 laetus
708 1136 859 1223 aspexit,
898 1135 992 1202 cuius
1024 1135 1057 1202 in
1090 1137 1171 1204 iuba
1203 1158 1344 1204 examen

127 1241 212 1318 otte
226 1253 331 1319 apum
353 1232 566 1301 consederat.
618 1231 723 1318 Quod
748 1244 915 1300 ostentum
940 1233 1061 1302 habuit
1088 1235 1179 1301 hanc
1203 1236 1282 1324 vim,
1307 1249 1345 1305 ut

225 1328 404 1419 Dionysius
428 1334 550 1422 paucis
564 1344 652 1423 post
673 1331 793 1399 diebus
818 1354 962 1424 regnare
987 1335 1151 1422 coeperit.

167 1436 213 1488 34·
299 1427 419 1512 Quid?
443 1430 733 1517 Lacedaemoniis,
759 1431 876 1520 paullo
903 1443 980 1500 ante
1002 1431 1220 1501 Leuctricam
1250 1435 1344 1503 cala-

179 1507 401 1616 ¹⁴·n1isstsm,
434 1552 523 1618 quae
548 1530 749 1624 significatio
780 1531 873 1597 facta
902 1542 976 1616 est,
1008 1550 1088 1598 curn
1118 1532 1153 1597 in
1183 1531 1344 1601 Herculis

178 1727 183 1738 ·
258 1703 339 1758 etiam
351 1705 380 1758 ia
390 1707 575 1778 Dionysioest]
590 1709 684 1760 Voxia
692 1711 772 1761 deest
796 1714 885 1762 autem
909 1709 1074 1777 diqauabsm
1087 1724 1250 1777 progressus
1265 1714 1345 1772 esset,

224 1773 252 1825 in
263 1776 329 1828 cod.
343 1778 403 1839 Ca,
414 1781 539 1846 absorpta
546 1781 580 1831 ab
592 1778 684 1831 ultima
693 1794 770 1845 prae·
797 1786 832 1830 ut
850 1779 903 1831 uit
919 1778 1115 1841 Philistus,
1129 1779 1215 1832 sabito
1232 1778 1344 1830 exaudi-

223 1844 342 1898 cedentis
358 1847 431 1900 vocis
446 1848 545 1905 litters.
566 1849 599 1901 In
614 1865 687 1917 seqq.
703 1850 768 1901 Cod.
796 1848 835 1900 vit
850 1856 903 1901 etc.
923 1850 976 1900 Mr.

223 1915 257 1965 II.
269 1915 369 1968 omittit
382 1918 449 1984 ipse.
464 1921 548 1978 Codd.
562 1920 607 1971 Cr.
622 1921 650 1970 S.
671 1919 771 1971 babent
832 1918 1002 1985 Aliquantum
1016 1934 1181 1985 progressus
1196 1921 1283 1984 esset]
1300 1916 1345 1969 Sic

217 1984 368 2037 dimisisset
384 2004 441 2053 curn
458 1989 541 2041 Codd.
557 1991 587 2040 L·
604 1989 630 2040 b.
649 1988 676 2038 d.
693 1990 726 2038 U.
741 1999 770 2040 et
796 1988 882 2041 Paris·
897 1989 970 2041 Med.
995 1988 1103 2038 Balliol.
1121 1993 1154 2040 et
1173 1986 1234 2039 libri
1255 1987 1344 2038 Victa-

222 2054 291 2106 Erld.
305 2058 367 2108 Asc.
378 2064 402 2110 l.
413 2058 475 2109 Cur.
484 2060 578 2125 Stepb.
587 2059 664 2110 Brut.
671 2060 768 2109 Sturm.
796 2058 885 2117 sinai}
900 2073 953 2110 non
978 2057 1187 2125 aliquantalum,
1204 2064 1233 2110 ot
1254 2058 1343 2121 vulgo.

223 2124 299 2189 Sylb.
313 2126 376 2177 ΑΜ.
387 2128 463 2178 ΒοιιΙ.
484 2135 513 2180 et
529 2129 636 2181 Lambb.
650 2128 682 2179 ln
693 2143 767 2195 seqq.
796 2128 862 2179 Das.

224 2193 403 2247 ssaomissum
418 2203 460 2248 est
477 2196 504 2250 iu
519 2199 585 2251 Cod.
598 2200 630 2248 It.
646 2199 699 2249 Mr.
830 2197 1034 2266 aliquantulam]
1050 2196 1165 2250 Restitui
1185 2213 1242 2249 cam
1259 2196 1344 2248 verb.

258 2264 770 2336 Submersusooruginibusaoaextitit]
798 2270 862 2320 Bru.
885 2265 958 2320 Oliv.
978 2265 1037 2333 Bip.
1064 2269 1254 2321 absentans
1273 2265 1344 2317 Edd.

225 2335 283 2385 Vox
297 2343 429 2400 postrema
442 2337 503 2390 mihi
521 2354 572 2391 non
587 2341 685 2404 placet,
704 2339 771 2391 nibil
797 2345 867 2392 vett.
883 2344 912 2390 et
922 2338 1005 2390 Codd.
1020 2341 1158 2391 multorum
1168 2336 1346 2402 scriptionem,

107 2413 113 2422 “
223 2410 312 2456 umen
330 2407 436 2458 uariunt
449 2407 510 2460 libri
524 2409 617 2460 nostri.
638 2411 718 2461 Grai.
797 2425 872 2475 quarn
894 2407 1020 2460 exhibent
1045 2406 1128 2460 nostri
1150 2406 1233 2460 Codd.
1253 2405 1346 2458 osv.
1418 2445 1427 2456 .

257 2475 412 2528 Sabraersus
430 2496 513 2545 equus
534 2479 709 2547 voraginibus
719 2496 771 2531 aaa
798 2479 830 2529 P.
840 2481 878 2529 Μ.
889 2481 918 2530 I.
933 2492 960 2528 a.
973 2479 1001 2528 d.
1023 2478 1093 2528 Edd.
1113 2481 1248 2529 demm-
1268 2477 1345 2527 Crat·
1417 2521 1427 2540 ,

223 2544 328 2614 extitit]
354 2547 452 2600 Ultima
474 2565 526 2601 uox
543 2566 681 2615 perperam
699 2550 772 2601 Gru·
798 2548 1065 2612 llerw.Cur.SteplI.
1079 2547 1158 2597 Brut.
1174 2544 1346 2595 stastum.

224 2622 282 2665 tero
300 2628 421 2681 suspects
434 2617 596 2680 foitbabits,
608 2621 771 2686 quodappa-
797 2612 1346 2680 Bout.sylb.Ismaootnoruostcmd.

224 2685 302 2735 rendi
330 2686 546 2750 significationem
573 2689 598 2739 ei
627 2688 770 2740 conuenire
797 2685 902 2737 Oxonn.
930 2691 1038 2750 practer
1059 2683 1094 2734 0.
1117 2698 1214 2734 omnes.
1248 2685 1342 2749 Neque

224 2755 370 2808 nesciebat.
392 2757 462 2809 Vide
479 2775 547 2825 quas
570 2758 716 2810 notavimus
736 2759 770 2810 sd
798 2753 990 2807 seutentialoci
1008 2751 1347 2820 flagitatutatiqasntuss‚

223 2822 328 2876 huiusce
342 2826 403 2878 libri
420 2845 480 2894 cap.
496 2843 603 2881 xxvrrr.
624 2825 770 2880 Historiam
797 2823 816 2878 i.
828 2841 853 2875 e.
868 2826 955 2886 longe,
970 2837 1133 2888 progressura
1150 2820 1232 2873 faisse
1244 2820 1346 2884 Diony-

224 2908 288 2947 t'ero
316 2895 354 2946 sic
379 2905 471 2950 namet
497 2897 604 2949 Plinius
631 2896 680 2948 lib.
703 2912 769 2949 vrrr.
796 2894 862 2946 sium
883 2890 1071 2943 existimemus.
1110 2892 1142 2942 In
1169 2906 1241 2958 seqq.
1261 2892 1347 2946 verba

223 2968 298 3028 §.aa
317 2965 449 3018 Philistus
465 2984 482 3018 a
503 2965 628 3034 Dionysio
648 2966 770 3018 relictam
797 2962 884 3015 subito
905 2961 1043 3013 exaudivit
1062 2962 1158 3013 desunt
1177 2959 1204 3012 in
1229 2961 1294 3013 Cod.
1312 2961 1346 3012 It.

122 3044 125 3047 ’
142 3062 148 3071 ·
224 3035 332 3102 (equum
347 3038 450 3104 prodit)
464 3036 492 3087 in
506 3055 585 3089 sosas
602 3037 770 3097 haerentem
797 3033 924 3085 incudem
931 3048 988 3082 mox
998 3033 1106 3085 verbum
1114 3030 1235 3112 aspexit5
1246 3030 1346 3083 inCod.

223 3111 254 3155 ut
279 3121 336 3155 sess
355 3107 631 3167 sustinetsustinet
651 3106 770 3174 vestigia
798 3104 832 3154 P.
847 3101 973 3155 scribitur
990 3102 1053 3154 taba
1078 3117 1126 3168 pro
1147 3100 1219 3152 iuba.
1245 3100 1278 3152 In
1293 3103 1347 3153 tine

222 3173 337 3237 Domini,
355 3178 473 3228 examine
487 3194 567 3244 upum
585 3176 663 3228 iubas
676 3177 770 3229 iaisae-
797 3189 857 3240 cap.
873 3172 938 3224 cst.
950 3174 981 3223 It.
995 3172 1174 3240 praeceperit
1188 3171 1347 3223 hebetissi-

223 3247 316 3306 lsate3
336 3263 415 3313 eoque
437 3253 538 3298 ostento
562 3246 739 3314 ibruaaidem
752 3266 770 3298 a
795 3251 879 3311 peret.
911 3243 977 3294 Cod.
997 3245 1023 3294 S.
1046 3243 1128 3295 babet
1148 3240 1347 3312 resposimins

224 3315 350 3382 Dionysio
367 3324 528 3382 occupatum.
548 3319 666 3369 Eandem
685 3319 771 3370 refert
798 3332 857 3382 que·
876 3314 930 3364 Mt·
1107 3355 1110 3362 -

224 3385 769 3455 etAsliaausVar.Hist.lib.III-cap·46·
832 3384 909 3450 Quod
938 3391 1070 3435 mettium
1086 3413 1121 3423 -·
1135 3381 1279 3462 coeperit]
1305 3383 1348 3432 Ex

223 3454 329 3507 ntolim
353 3456 451 3506 monuit
470 3455 529 3508 Pet.
556 3457 689 3509 Victorius
705 3462 769 3510 Var.
798 3454 879 3506 Plinii
894 3457 959 3513 loco,
974 3468 1049 3519 quem
1063 3452 1348 3514 laudamus-‚rotel-

222 3527 296 3577 Lect.
313 3523 359 3575 lib.
372 3539 426 3576 xII.
440 3541 499 3591 cap.
510 3535 534 3578 1.
555 3527 622 3578 Dav.
735 3561 743 3570 .
799 3525 844 3588 ligi
854 3538 929 3590 posse
938 3522 977 3574 ait
989 3525 1053 3576 baec
1067 3525 1348 3574 vestanensem

257 3592 488 3662 nassuttitit.]
504 3595 583 3658 Vide,
595 3613 662 3664 quae
676 3611 722 3647 nes
736 3595 770 3647 ad
797 3595 842 3646 ills
867 3594 1005 3659 finitatem
1040 3591 1197 3658 Dionysiam
1233 3608 1348 3661 regnum

222 3661 620 3734 hocverbumattulimussupra
636 3671 769 3723 etms:
797 3680 955 3730 occupasse.-
985 3664 1031 3715 sed
1051 3663 1181 3714 veriorem
1200 3668 1229 3713 et
1252 3660 1349 3716 Quinti

222 3734 291 3784 ando
315 3732 380 3784 tatis
409 3734 574 3801 apparebit,
604 3752 679 3802 qnam
701 3751 770 3787 vana
797 3732 1172 3787 consiliosceommodstiorern
1191 3738 1263 3784 recte
1278 3730 1348 3782 idem

223 3801 331 3854 Gruteri
356 3805 470 3870 suspicio
498 3805 589 3859 fuerit.
623 3808 686 3855 Mox
703 3805 768 3855 Cod.
797 3811 885 3856 mouet
904 3820 963 3854 esse
989 3804 1056 3856 banc
1084 3801 1347 3869 interpretationem:

223 3873 290 3925 [μὴ.
308 3873 415 3926 trabere
428 3892 475 3942 pro
491 3876 641 3927 extrahere.
660 3876 700 3924 M.
704 3876 769 3939 soa-
797 3881 899 3925 ostento
917 3873 962 3925 iiio
985 3872 1066 3940 reg-ai
1086 3872 1210 3939 occupati
1226 3877 1350 3922 eventum

222 3943 258 3995 tis
268 3945 423 4008 profereus.
445 3944 597 3997 Frenzelias
610 3943 636 3996 in
647 3942 771 3996 Seebodii
790 3943 882 4011 fuisse
897 3943 1158 4012 praesignificatum.
1176 3943 1230 3993 Mr.

223 4014 305 4065 drab.
318 4014 338 4064 t'.
354 4014 453 4067 Pbilol.
466 4033 492 4068 u.
503 4015 588 4068 Paed.
598 4014 623 4065 I.
634 4024 659 4069 1.
671 4032 697 4082 p·
711 4019 770 4067 140.
825 4015 906 4079 sacta
928 4014 994 4081 sst‚]
1019 4013 1102 4066 codd.
1117 4016 1151 4064 R.
1169 4019 1198 4062 et
1214 4012 1243 4062 L.
1260 4010 1288 4061 d.
1305 4017 1350 4061 est

222 4083 311 4136 eredit
335 4084 443 4137 Philisti
467 4085 652 4141 auctoritatem
674 4084 709 4137 sd
730 4101 771 4135 se·
791 4085 882 4150 jacta.
912 4082 991 4136 Prior
1012 4081 1041 4136 in
1067 4101 1139 4151 seqq.
1163 4080 1279 4132 mamrit
1298 4094 1350 4146 pro

223 4153 329 4220 qrrentis
354 4154 440 4220 potios
464 4153 628 4216 desiderari,
649 4152 771 4217 corrigit·
797 4152 924 4206 manavit.
943 4150 1255 4206 Rarioresteonetrnctio
1267 4148 1351 4201 mmu-

222 4240 287 4291 que:
306 4224 448 4278 Discessit
475 4244 559 4295 aegre
571 4227 676 4291 serens.
705 4225 773 4277 Cum
797 4228 899 4277 merum
925 4224 1023 4277 sudore
1046 4220 1181 4285 manavit,
1207 4236 1294 4289 neque
1314 4229 1365 4274 ea'
