2892 4842
557 264 664 320 unns
681 264 722 327 11,
737 271 781 321 Μ.
868 321 871 328 ,
1156 263 1216 329 ss!

100 433 392 527 augus-optimus
443 433 515 504 Ubi
538 455 623 525 ergo
647 433 759 503 avions
789 432 974 505 diviiatiol
1006 457 1106 524 quae,
1129 457 1218 525 quo-

99 534 192 604 nism
218 531 265 599 ab
287 532 347 618 iis,
379 531 439 622 qul
467 532 617 624 auspiciu
649 532 742 600 nulls
771 531 921 621 habent,
957 533 1047 602 balla
1074 532 1218 602 admini-

102 641 270 716 strantur,
304 630 348 697 ab
381 628 516 697 urbanis
557 640 690 699 retentu·
722 630 879 717 videtur,
922 655 943 699 a
981 632 1112 700 bellicis
1145 655 1218 702 csso

101 730 244 797 sublata
290 726 337 796 Et
361 728 501 817 quidem
525 729 582 796 ille
607 727 767 817 dicebat,
797 729 824 798 si
856 728 992 818 quando
1016 753 1089 798 acm
1114 752 1217 823 agere

102 826 766 928 'dhis-anfflimlntfflttlclls,
804 830 925 898 lectica
956 840 1079 918 oporto
1102 828 1219 898 facero

102 924 169 1001 itur
188 947 229 992 sa
253 925 374 993 solere.
413 924 505 992 Huic
528 924 636 992 simile
659 937 721 1010 est,
745 924 838 1016 quod
863 950 923 996 noa
948 949 1094 1018 augures
1115 949 1218 1018 prae-

103 1023 258 1113 cipimus,
288 1044 330 1090 ue
352 1022 432 1122 iuga
455 1023 641 1116 auspicium
666 1023 834 1118 obveniat,
859 1035 897 1092 nt
914 1026 1061 1093 iumenta
1082 1026 1218 1093 iubeant

103 1199 247 1266 imperator
272 1199 306 1253 id
333 1207 382 1252 est
409 1216 501 1270 augur
522 1201 645 1266 optimus.
705 1202 800 1254 lectica
823 1203 1019 1270 opertajac'cse
1036 1205 1106 1257 itas·
1127 1218 1218 1254 seso-

105 1270 178 1322 ldem
195 1287 253 1323 cum
269 1269 353 1323 eodo.
362 1270 395 1321 U.
409 1278 439 1324 et
456 1272 488 1322 Ρ.
498 1268 566 1322 Edd.
583 1273 652 1339 Aac.¹
672 1273 739 1339 lere]
765 1273 844 1323 Hott.
866 1288 923 1323 cum
942 1273 1035 1325 abesse
1062 1271 1173 1325 vidisset
1189 1287 1219 1322 se

106 1347 132 1393 1.
142 1348 168 1393 2.
185 1341 257 1393 Crat.
267 1342 359 1393 Hera.
374 1340 435 1392 Car.
450 1341 645 1405 stepassurm.
668 1348 733 1408 post
740 1340 793 1394 iter
808 1339 834 1391 in
851 1340 900 1392 Ed.
916 1341 1004 1402 ene,
1016 1341 1147 1396 abiectum
1160 1356 1217 1394 eam

104 1409 169 1460 ΑΜ.
183 1412 262 1462 Boni.
278 1411 365 1462 [ωδ.
379 1411 457 1463 Goth·
479 1411 555 1460 Brut.
570 1409 646 1473 Syll).
672 1413 792 1464 voculam
802 1411 910 1463 volebat
922 1411 1030 1464 laudato
1044 1412 1100 1464 Cic.
1115 1410 1218 1463 Aoadd.

108 1476 158 1530 Ubi
174 1485 222 1530 cst
245 1496 325 1549 ergo:
344 1479 410 1531 cod.
425 1482 454 1530 Ι..
469 1482 495 1530 b.
518 1478 563 1529 udi
581 1494 647 1546 ergo
674 1480 698 1530 1.
709 1488 737 1533 2.
754 1486 880 1549 negat·
891 1478 1219 1547 Epicurus-suspicari,-

105 1555 166 1598 sst.
188 1551 219 1599 R.
234 1548 261 1601 iu
274 1565 345 1617 seqq.
361 1565 518 1617 quampiam
530 1564 648 1616 proquo·
672 1549 842 1617 adhibitoque
864 1549 1020 1616 Wopkensio
1046 1552 1129 1603 lectt·
1146 1551 1216 1601 Tull.

104 1619 184 1669 siaa.
200 1618 433 1672 Cod.S.lssbatiu
450 1618 593 1685 praccodd.
614 1625 646 1669 et
675 1627 744 1686 μοι
763 1619 863 1672 abiecit
882 1635 940 1672 aum
954 1623 1013 1673 Sch-
1047 1619 1218 1672 Etabsstca

104 1686 174 1739 idem
188 1704 290 1756 augur.
302 1690 356 1740 lllr.
673 1703 726 1742 vox
741 1704 758 1742 a
776 1688 859 1741 Codd.
881 1690 981 1742 uostris
1003 1689 1036 1739 U.
1056 1692 1084 1741 Ι..
1097 1689 1123 1738 b.
1149 1686 1217 1739 Edd.

138 1756 172 1808 ab
197 1757 335 1809 urbanis
359 1763 464 1808 retenta
488 1756 608 1817 uidetur,
629 1773 647 1809 a
674 1756 1218 1812 asem.Hers.cnt.1nverscordine

105 1826 239 1879 lollieiu
252 1843 308 1878 esse
325 1826 452 1893 solutu}
471 1825 557 1878 codd.
571 1828 608 1878 Μ.
620 1836 649 1879 et
674 1830 716 1876 est
727 1823 755 1875 iu
775 1826 844 1877 uuo.
864 1828 926 1879 Car.
938 1830 1031 1894 Staph.
1045 1831 1121 1880 Brut.
1138 1828 1217 1881 Boni.

106 1896 275 1949 lucidentur
291 1913 339 1963 pro
351 1896 468 1947 uidetur.
493 1895 536 1946 Ad
554 1912 582 1948 v.
602 1913 647 1947 us·-
675 1895 843 1948 [ammoth
862 1896 936 1960 Syll).
952 1915 980 1948 se
998 1898 1067 1949 itcr:
1086 1897 1153 1948 Cod.
1168 1896 1217 1947 Cr.

104 1965 180 2018 tanis
195 1965 338 2019 -bctlicis
371 1962 508 2018 annotavit
537 1963 648 2017 llatlsins
673 1968 755 2018 babet
777 1965 848 2017 iuter
873 1982 912 2016 sc.
939 1967 1004 2019 Cod.
1025 1970 1053 2019 S.
1077 1967 1154 2018 itesu
1180 1982 1217 2016 se.

105 2034 274 2095 laxovaxuic:
301 2033 466 2105 „singularis
488 2036 552 2087 hacc
566 2034 648 2087 dictio
676 2037 735 2087 Non
747 2050 927 2101 repugnarem,
948 2051 999 2103 quo
1011 2036 1095 2088 miuus
1111 2033 1218 2087 eiicere·
1272 2037 1278 2054 '

106 2105 241 2159 videtum
264 2103 331 2157 Mihi
347 2120 411 2159 uero
434 2102 490 2155 eius
513 2104 649 2157 annotatio
674 2110 718 2156 tur
732 2120 771 2168 sc,
789 2104 838 2157 nisi
850 2107 986 2157 multorum
1000 2106 1124 2158 librorum
1131 2111 1218 2158 aucto·

105 2173 213 2228 videtne
224 2173 371 2239 singularis.
400 2175 431 2225 lu
447 2172 549 2225 verbis:
574 2175 648 2239 Quas
674 2173 757 2226 ritate
775 2174 923 2227 fulciretur.
942 2175 982 2225 lis
997 2175 1140 2240 scriptione
1151 2173 1218 2236 Cod.

104 2244 228 2314 quesisse
247 2245 280 2296 ab
300 2243 311 2294 i
317 2244 360 2305 is,
377 2243 423 2312 qui
441 2240 563 2308 auspiciu
575 2245 649 2295 uuila
675 2244 737 2305 Cr„
752 2244 779 2296 in
796 2259 846 2310 quo
865 2252 907 2295 ost
928 2245 988 2296 sed
1006 2245 1118 2325 quando,
1136 2241 1220 2310 possit

105 2314 202 2366 liudem
216 2321 269 2366 cte.
286 2328 361 2367 uenio
384 2311 533 2372 subaudiet,
549 2312 648 2379 opinor,
675 2313 772 2380 aliquis
796 2312 927 2366 coniiccro
950 2315 1129 2378 corrigendum
1143 2328 1216 2366 esse:

106 2384 141 2436 sd
151 2401 179 2438 v.
198 2384 231 2434 s'is
245 2383 318 2436 uliud
334 2383 406 2452 quid,
414 2396 491 2448 quam
503 2383 648 2450 magistra·
675 2398 707 2432 se
722 2383 836 2450 quaudo,
856 2385 900 2436 vel
916 2399 948 2433 sc
972 2382 1003 2435 si
1022 2383 1127 2451 quaudo
1136 2384 1219 2448 -sa-

105 2453 185 2506 snus.
204 2453 301 2507 Quidni
313 2469 379 2506 vero
393 2452 462 2504 idem
475 2454 593 2504 hocloco
608 2451 648 2505 in-
675 2469 734 2502 ccre
748 2452 800 2504 iter
816 2454 907 2504 solue.
925 2452 1016 2518 Pergit
1031 2454 1096 2506 coo.
1108 2453 1141 2503 Β.
1154 2451 1218 2504 iaia

106 2523 259 2587 telligatur?
277 2523 329 2573 Mr.
675 2520 796 2574 similis
810 2538 890 2574 esse.
911 2523 963 2573 dir.

140 2592 171 2642 si
189 2593 293 2660 quaudo
307 2608 361 2643 reas
377 2607 460 2660 agere
474 2592 569 2658 uella]
581 2591 647 2644 cod.
710 2592 751 2642 Ne
766 2591 825 2656 iugc
841 2592 1000 2659 auspicium]
1016 2593 1076 2645 Pal.
1093 2609 1133 2660 pr.
1149 2591 1218 2645 ets.

106 2664 153 2714 Cr.
168 2665 225 2714 sed
237 2663 349 2729 quaudo.
362 2662 403 2713 Ad
412 2664 493 2714 verbu
503 2677 557 2713 retu
564 2678 649 2728 agere
676 2660 790 2713 Victoris
803 2662 883 2730 iuges
896 2678 974 2730 susp.
983 2663 1052 2715 nudo
1061 2661 1220 2733 scuiugeus

106 2739 195 2784 monet
208 2734 285 2784 llott.
295 2729 417 2784 maiorem
433 2732 498 2782 hanc
514 2731 648 2783 fonuulsm
675 2747 754 2798 uusp.
773 2738 836 2783 tert.
854 2739 942 2785 tamon
963 2737 991 2785 at
1008 2740 1095 2798 quart.
1111 2738 1220 2786 sonunt

106 2816 224 2867 essopro
246 2817 299 2852 rem
315 2817 412 2869 gerere
440 2800 497 2852 ic.
522 2800 649 2866 proelium
675 2804 818 2867 uulgatum.
839 2802 950 2854 Gruter.

103 2869 284 2932 committam
317 2872 454 2938 laudatque
481 2870 598 2922 Curtium
623 2870 649 2921 iu
711 2870 838 2938 Neiuge
853 2869 1219 2940 auspiciumoduess'ut,]Cod.

105 2939 237 3003 salllug.
248 2945 325 2995 odd·
350 2940 403 2992 Sed
417 2939 455 2993 ibi
479 2939 580 2992 nouanisi
596 2941 648 2992 for·
676 2941 721 2991 Cr.
734 2940 761 2991 in
774 2956 854 3006 marg.
866 2943 961 2995 habat:
982 2943 1018 2993 al.
1034 2941 1122 3009 iuges,
1139 2946 1167 2990 ct
1181 2937 1220 2991 sis

105 3011 176 3062 mula
185 3026 240 3060 rcus
248 3026 344 3077 gerere
354 3008 479 3075 exemplis
493 3008 649 3061 illustratur.
679 3010 709 3061 Ρ.
723 3011 754 3061 L.
765 3026 789 3060 c.
806 3011 857 3063 Pro
871 3011 989 3065 aduniat
999 3011 1065 3062 Cod.
1075 3012 1108 3061 R.
1119 3007 1219 3061 ueniat.

105 3081 205 3130 Nostro
222 3081 278 3130 loco
294 3079 386 3132 similis
398 3084 439 3130 est
453 3079 526 3129 locus
544 3077 651 3144 Vopisci
677 3081 715 3128 Μ.
730 3078 842 3130 eueniat.
862 3082 937 3135 Quod
954 3079 1070 3147 sequitur
1083 3086 1123 3139 ut,
1144 3079 1221 3131 abest

105 3146 135 3200 in
149 3147 236 3200 Probo
250 3166 273 3200 c.
284 3155 336 3212 12,
352 3147 397 3201 ubi
412 3148 523 3207 Probus,
536 3147 574 3199 sci
584 3146 650 3198 ruili-
676 3163 692 3199 a
707 3147 815 3199 CodU.
833 3149 865 3200 ln
881 3152 963 3203 codd·
973 3151 1019 3202 Cr.
1030 3151 1063 3199 Ρ.
1076 3150 1144 3201 atii.
1157 3146 1220 3200 scs-i·

105 3216 174 3270 tatis
195 3217 306 3270 scientia
338 3215 504 3283 victoriisque
533 3214 650 3281 insignis,
677 3215 928 3288 bitutdisiusaperc,
944 3226 973 3271 ct
995 3217 1033 3270 itu
1048 3227 1090 3271 ost
1106 3217 1133 3271 in
1150 3216 1220 3270 Edd.

105 3288 258 3352 appellatur
280 3288 411 3354 exemplar
435 3285 587 3354 agendae
611 3286 652 3336 rei
677 3287 776 3339 Ascl-
796 3293 822 3340 t.
846 3289 920 3340 Crat.
940 3290 1032 3340 Horu.
1048 3287 1110 3341 Cur.
1127 3289 1220 3354 steph.

101 3356 235 3424 publicae·
256 3358 310 3410 Mr.
676 3356 773 3407 Stnrm.
782 3356 846 3408 ΑΜ.
857 3359 933 3409 Boul.
946 3356 1036 3410 Lamb.
1051 3359 1130 3409 Goth.
1141 3359 1219 3407 Brut.

143 3425 184 3476 Ne
197 3426 369 3494 impediretur
389 3425 529 3494 auspiciis,
556 3425 650 3478 lectica
676 3426 766 3490 spina
785 3423 932 3492 iuroliquis
955 3425 1105 3494 diiungere.
1134 3426 1178 3477 Ad
1192 3439 1220 3476 v.

106 3501 202 3562 operta
216 3500 311 3562 fucere
329 3496 382 3549 iter
407 3513 436 3548 se
461 3500 543 3548 solaro
573 3498 650 3556 Nam,
677 3493 743 3562 iuge
770 3496 918 3561 auspicium
944 3502 1031 3548 monet
1061 3497 1121 3548 Seu.
1153 3494 1221 3546 mulo

106 3582 157 3632 pso
180 3582 303 3630 augutam
334 3565 480 3627 sententie,
502 3567 575 3617 uula
596 3564 650 3615 ista
677 3565 744 3617 huuc
756 3563 895 3617 lectionem
909 3564 1047 3620 sollicitari
1064 3580 1080 3618 a
1095 3561 1222 3626 scusglio

106 3634 190 3703 sigan
204 3643 274 3697 suut,
288 3635 342 3688 uisi
359 3653 500 3688 cousensus
513 3634 652 3687 adsentan-
679 3632 706 3686 in
716 3634 823 3686 (lauteri
837 3638 914 3687 Thus.
929 3635 994 3689 crit.
1005 3650 1046 3687 tv.
1060 3640 1154 3701 pout.
1169 3632 1221 3685 Mr.

106 3705 145 3756 tis
169 3705 281 3757 accedit.
323 3705 393 3758 Vido
418 3708 597 3775 Augustinum
618 3704 652 3755 dc
680 3704 845 3756 -auncui
859 3704 1096 3768 vcrba‚aGrotcro
1105 3703 1223 3768 laudata,

106 3778 184 3828 noct.
193 3773 290 3828 Christ.
304 3773 351 3827 lib.
369 3777 408 3827 ll.
417 3791 478 3842 cup.
491 3781 534 3829 at.
552 3774 584 3826 Iu
603 3792 652 3827 au-
680 3772 828 3825 Dacerius:
860 3775 1026 3842 „Auspicutn
1057 3775 1142 3834 uiam,
1173 3780 1222 3825 ast

103 3860 209 3913 mss
221 3851 293 3896 certe
304 3846 653 3914 discipliuacoustat,ucpuc
679 3842 755 3896 aliud
777 3846 872 3911 agenti
904 3847 1047 3898 iumentum
1074 3842 1156 3896 alteri
1179 3843 1223 3896 iu·

106 3914 186 3966 disus
209 3931 291 3983 aeque
311 3918 366 3968 ulla
384 3915 506 3983 auspicia
519 3915 653 3983 pertinere
679 3919 764 3964 meato
786 3913 918 3975 uinctum,
944 3916 969 3965 si
985 3922 1089 3967 stercus
1104 3916 1220 3980 succiet.

106 3986 146 4036 ad
157 4001 211 4045 eos,
227 3984 274 4053 qui
287 4002 415 4054 passaque
429 4002 482 4037 reus
498 3984 652 4053 ingredim-
680 3999 712 4033 es
727 3999 861 4051 augurum
878 3985 975 4047 ritibus
998 3983 1113 4036 vitiabat
1131 3985 1223 4052 auspi-

108 4054 300 4107 tcssdseruare
320 4072 350 4107 se
378 4073 410 4108 ea
435 4056 602 4124 negaverint,
623 4061 653 4106 ut
680 4052 760 4113 ciuus,
777 4056 846 4121 quod
865 4071 917 4105 stou
929 4053 1049 4121 faciebat
1069 4054 1101 4106 ab
1114 4053 1167 4106 sliu
1182 4071 1221 4108 ss-

108 4122 312 4179 tssditl’iiaius
325 4124 652 4190 H.N.1ib.xxs1u.§.s.
680 4121 808 4174 iunctum.
841 4124 963 4193 ideoque,
993 4141 1027 4177 ne
1056 4126 1109 4177 tale
1131 4126 1222 4194 auspi-

110 4192 179 4245 Das.
680 4191 750 4244 ciusa
760 4192 1227 4268 olscuirctssulseiuutdisiuagesaff
