2892 4842
538 335 729 391 EXGURSUS
747 335 769 388 1.
781 417 783 422 Ι
1144 335 1208 399 m

93 501 247 572 pacientur,
276 502 322 556 cni
353 503 438 558 eiiam
465 504 562 559 cicero
588 504 765 578 partitionem
794 502 918 574 opponit.
951 501 1094 555 Posterius
1117 506 1210 555 antem

93 595 256 667 partitionis
273 596 375 654 lemme
392 598 433 651 lte
450 598 589 666 exprimit,
606 604 639 652 ut
656 597 781 667 exemplo
798 603 903 661 ntntns,
926 612 959 648 en
976 612 1029 663 quo
1048 594 1108 656 ilie,
1126 609 1211 661 quem

92 689 165 753 vuit,
188 688 343 744 enuntiatio
360 681 457 758 incute
473 697 591 748 emanat.
617 691 720 760 Neque
734 692 787 745 hec
804 706 969 762 quemquam
982 689 1118 758 offendere
1132 701 1212 755 opon-

92 788 142 835 tct.
180 782 264 836 Modo
281 783 355 836 enim
373 784 446 838 idem
463 785 494 838 ln
511 783 623 857 Cypseli
639 787 763 854 exemplo
781 787 896 847 iecerat,
913 789 943 837 et
959 782 1028 836 iecit
1044 782 1129 835 mium
1145 779 1212 834 eliis
1241 778 1246 787 '

22 861 27 865 ⁴
91 876 164 929 locis
181 894 210 929 v.
230 895 256 930 c.
281 877 315 929 de
331 876 454 948 laegibnn
471 878 506 931 11.
524 886 553 936 4.
579 879 630 934 nbi
646 895 697 947 pso
722 878 914 934 enuntiatione
929 894 1020 946 nequ,
1048 875 1155 929 etiamsi
1169 877 1212 928 isc
1275 921 1277 926 .

91 972 196 1038 scripto
212 988 265 1023 nnn
282 979 331 1034 est,
348 972 448 1025 iccirco
471 975 544 1025 nmio
561 981 616 1034 eet,
640 972 765 1039 exe-ple
790 971 881 1034 effert,
903 986 919 1022 e
938 969 1039 1038 quibus
1057 970 1110 1022 ille
1127 986 1212 1022 cnun-

92 1064 177 1118 tietio
194 1064 274 1118 fluet.
298 1064 375 1119 Adde
394 1066 427 1119 de
446 1065 524 1120 orat.
537 1065 587 1117 ΙΙΙ.
600 1074 626 1121 t.
644 1067 725 1120 Brut.
742 1075 766 1119 1.
785 1071 813 1119 nt
831 1065 896 1119 elie
906 1093 941 1104 -
953 1063 1081 1117 Forsitan
1099 1055 1211 1130 eliquia,

90 1159 238 1227 vulgatam
255 1174 318 1210 cnm
336 1160 504 1228 Wopkennio
530 1161 694 1223 defendens,
718 1167 751 1212 at
768 1160 972 1230 acceperitque
988 1158 1211 1227 quenadmodum.

90 1250 147 1305 sen
164 1250 234 1304 heec
253 1252 324 1304 sntio
342 1254 487 1306 admodum
511 1255 615 1307 mnlten
633 1253 718 1307 hebet
736 1252 928 1307 diideuitnten.
962 1251 1057 1304 Primo
1074 1251 1149 1305 enim
1165 1250 1213 1303 de-

9 1345 15 1396 i
90 1345 299 1399 monstrandum
319 1352 370 1410 cet,
388 1354 419 1399 ut
446 1345 557 1400 omnino
580 1334 609 1398 in
632 1347 684 1400 teli
706 1347 913 1400 aonnrnctione
930 1343 1003 1408 dici3
1027 1343 1134 1408 deinde,
1151 1349 1213 1397 tum

91 1438 161 1502 diei,
183 1439 209 1491 si
228 1439 317 1508 primo
335 1442 457 1495 membro
481 1448 508 1493 et
531 1440 728 1503 enteceucrit3
757 1440 883 1508 deniquo,
909 1439 1023 1492 verbnm
1046 1444 1105 1493 hm
1129 1438 1213 1509 louge

91 1527 128 1587 eis
147 1549 179 1586 eo
197 1532 350 1598 removeri,
376 1550 458 1602 quem
475 1539 613 1588 nunctum
631 1538 674 1588 ent
691 1533 768 1587 dieas
792 1551 849 1614 cese
865 1532 1054 1586 neceesarium.
1088 1529 1213 1586 Tendem

10 1649 15 1676 ι
91 1642 126 1681 ea
149 1627 234 1692 udde,
259 1644 330 1695 quse
354 1632 577 1692 antecesserant,
603 1632 633 1681 ct
664 1626 749 1682 tasilo
771 1628 843 1683 hanc
871 1626 1009 1681 notionem
1033 1625 1214 1679 διαιτωμ-

92 1719 195 1785 „ilaec
211 1739 276 1775 cum
294 1722 468 1789 scripseram,
497 1721 655 1791 Hcttingeri
681 1720 848 1775 sententiam
865 1720 974 1787 accepi,
1002 1719 1060 1788 qui,
1085 1718 1214 1773 Lambini

91 1814 224 1885 vestigiis
246 1813 391 1880 insistens,
419 1813 461 1868 ite
484 1815 634 1885 legendnm
662 1821 777 1868 censete
803 1816 854 1877 As,
883 1814 909 1865 ei
930 1814 1106 1882 conprobabis
1124 1815 1214 1867 dicim
1241 1817 1247 1824 ”

87 1909 243 1977 praedicta,
260 1912 297 1972 ei,
313 1927 380 1979 qaae
392 1911 471 1976 salsa
487 1908 518 1960 in
529 1907 638 1975 suturis
655 1909 797 1972 dicenter,
820 1907 850 1958 e'n
866 1907 908 1960 itis
925 1906 1040 1969 dedetis,
1057 1915 1090 1960 at
1106 1926 1138 1961 ea
1149 1908 1215 1975 finni

90 2020 145 2055 non
159 2004 282 2071 possint3
303 2012 334 2056 at
351 2004 377 2055 ei
391 2002 507 2065 dicatae,
524 2001 634 2055 Foliam
650 2002 680 2054 in
695 2002 767 2056 masi
778 2002 947 2071 petitas-ans,-
965 2009 1001 2065 et,
1018 2000 1044 2053 si
1060 2018 1122 2055 cere
1139 2002 1214 2055 dica-

92 2104 150 2159 tur,
167 2099 201 2150 de
212 2100 320 2164 setene,
344 2097 425 2167 idque
441 2096 483 2151 ito
494 2100 621 2164 satarum
638 2097 692 2159 cite
708 2104 739 2150 nt
755 2097 781 2150 ei
796 2096 914 2158 aientes,
928 2095 1083 2163 Africanum
1093 2095 1214 2148 Kartin-

9 2199 11 2210 '
89 2191 158 2261 gine
172 2188 331 2259 politanum,
357 2192 433 2246 dicae
451 2209 508 2245 esse
534 2191 723 2244 neceesarium.
760 2190 852 2259 Quem
877 2189 1063 2243 coniecturum
1081 2188 1144 2257 quin
1161 2191 1214 2242 noia

92 2285 262 2354 probaverit,
277 2284 303 2338 ni
320 2286 401 2340 modo
418 2290 535 2347 constet,
552 2265 594 2348 en,
612 2301 683 2352 quae
697 2282 849 2339 hmiinnn
872 2283 988 2345 eddidit,
1006 2282 1114 2336 entes.
1131 2283 1215 2337 ducta

93 2377 180 2432 mel
211 2378 285 2432 Nem
302 2379 328 2431 in
344 2357 390 2433 ils
407 2380 504 2434 doctus
522 2378 663 2431 interdum
686 2377 766 2430 MSS.
784 2378 875 2448 fingit,
900 2395 934 2431 ne
952 2375 1068 2430 liberios
1085 2375 1215 2430 videntur

93 2469 125 2527 in
143 2473 264 2527 addendo
282 2479 311 2527 et
328 2474 483 2528 resecendo.
511 2473 628 2541 Reliqui
646 2477 720 2524 certe
736 2469 815 2524 MSS.
828 2471 1046 2526 nihileddunt.“
1072 2470 1214 2523 &notetus

93 2585 127 2621 ex
144 2565 326 2621 hembinieue
344 2573 373 2621 et
392 2567 604 2638 tlottingerisne
622 2564 810 2620 emendetioue
836 2565 907 2618 hene
925 2565 1097 2619 concinnavit
1114 2561 1212 2618 iectio-

94 2678 157 2714 nem
175 2677 290 2730 ensesque
308 2660 335 2715 in
354 2667 482 2715 contexte
500 2662 620 2730 accepit:
647 2663 683 2714 As
704 2659 730 2711 ei
756 2659 811 2711 ista
835 2661 1011 2727 comprobabis
1028 2660 1118 2714 divina
1131 2676 1213 2729 prae·

94 2755 186 2809 dicta.-
210 2761 236 2807 et
259 2774 326 2824 qaue
346 2758 424 2823 solea
449 2756 604 2836 insecteris
622 2755 801 2818 dicentur,
818 2753 848 2806 in
874 2754 917 2807 tis
933 2755 1039 2807 habedic
1056 2761 1087 2807 at
1106 2773 1138 2806 ea
1148 2753 1215 2823 ficii

93 2868 147 2906 non
161 2851 282 2917 possint:
299 2857 339 2913 et,
357 2849 382 2902 si
400 2850 518 2913 dicator,
535 2848 678 2904 Fadium
695 2850 731 2901 in
747 2848 832 2901 mari
845 2847 1060 2917 peritorum,
1076 2849 1141 2903 etei
1153 2865 1214 2902 cere

9 2969 10 2998 s
94 2944 204 2998 dicatur
221 2945 253 2997 de
265 2948 371 3011 futuro,
389 2943 468 3013 idque
486 2943 526 2997 ita
538 2947 666 3010 saturans
683 2943 727 3004 sit,
747 2949 786 2993 at
803 2941 836 2994 si
852 2944 871 2995 d
878 2944 996 2996 icatur
1013 2946 1038 2997 A
1039 2944 1215 3011 fricanum

9 3069 10 3076 κ
94 3038 311 3109 Karthagine
324 3038 519 3105 petiturum
536 3037 612 3089 dicas
630 3053 686 3088 esec
703 3035 909 3087 necessariem.“
933 3035 1216 3107 Huncegoncriptio·

94 3149 168 3195 nem,
186 3133 214 3185 in
233 3150 288 3201 que
305 3130 414 3184 insaniei
434 3131 550 3199 aliquot
576 3128 768 3182 distinctiones
786 3130 926 3197 neglectae
944 3147 1004 3181 snae
1022 3131 1216 3199 deprehendes,

95 3225 187 3280 libens
201 3227 389 3295 amplecterer,
407 3224 462 3278 nisi
478 3225 625 3277 admodum
642 3220 797 3274 diitidesem
810 3222 955 3286 Lambino,
972 3241 1002 3275 se
1018 3223 1047 3275 in
1063 3241 1117 3276 uno
1132 3231 1216 3291 etque

95 3321 185 3373 altero
206 3320 281 3372 libro
306 3318 390 3373 istam
411 3316 559 3373 lectionem
581 3315 718 3385 reperisse
742 3314 903 3369 tiliamenti.
939 3316 1020 3370 Nunc
1044 3334 1062 3370 e
1079 3317 1215 3370 librorum

95 3411 215 3468 lectione
232 3414 273 3467 ite
296 3414 425 3466 standum
451 3412 542 3466 vinnm
567 3415 627 3474 ent,
652 3415 684 3463 nt
701 3409 846 3476 probarem
863 3411 1081 3463 emendationem
1100 3410 1216 3475 Bromii,

96 3523 185 3575 neque
197 3513 289 3561 tamen
302 3505 461 3576 reciperem,
474 3523 537 3560 anm
546 3501 751 3571 Wopkensiene
762 3503 835 3554 ratio
847 3520 899 3555 non
912 3506 950 3558 sit
962 3506 1042 3574 pinne
1054 3505 1215 3570 reficienda,

96 3601 178 3654 modo
196 3607 259 3670 post
273 3603 415 3671 praedicta
433 3600 529 3654 eiiciet
547 3607 582 3662 et,
606 3597 677 3667 quod
695 3614 726 3649 ne
743 3612 810 3650 vere
827 3613 879 3649 non
898 3598 1024 3667 agnoscit
1038 3599 1104 3651 cod.
1124 3605 1217 3650 noster

97 3696 133 3746 ii.
159 3692 239 3761 Quae
256 3695 290 3748 nel
309 3695 381 3749 elios
398 3694 485 3749 liuius
503 3692 559 3746 loci
577 3698 668 3760 penten
686 3691 842 3761 pertinent,
860 3708 892 3747 ee
910 3691 938 3745 in
958 3693 1134 3746 annotatione
1152 3709 1217 3745 esen·

96 3786 182 3842 textis
199 3771 325 3842 subiecta
342 3789 434 3842 losum
451 3792 622 3856 repererunt.
648 3788 701 3840 Mr.
1043 3767 1049 3774 ⁸

577 4053 733 4067 ,.---η
