2892 4842
252 314 316 378 Μ
723 316 772 368 BE
788 313 882 367 ΡΑΤΟ

255 485 340 556 milri
362 487 467 559 libeat
492 490 642 558 assentiri
662 488 832 582 Epicuro,
874 496 909 554 et
939 508 1066 578 negare
1099 489 1233 557 ornnem
1258 513 1373 558 enun-

253 587 427 655 tiationem
471 599 530 657 aut
565 610 680 656 veram
718 608 791 655 esse
829 595 888 654 aut
927 586 1071 669 fnleam3
1113 609 1189 655 eam
1221 590 1374 679 plagam

254 686 368 776 potina
400 687 587 779 accipiam,
635 709 739 777 quam
778 685 851 752 fato
882 684 995 752 omnia
1024 684 1099 753 lieri
1130 688 1374 778 comprobem.

224 799 226 808 ⁴
255 784 439 876 [llastenim
471 782 950 873 smmua„atiqnid,‚„lrabet
988 781 1237 874 disputationis,
1274 786 1374 855 haec

256 871 338 951 ve‘ro
361 906 428 952 non
453 895 503 952 eet
526 884 721 966 tolerabilis.
763 882 884 970 Itaque
908 881 1081 950 contendit
1105 905 1219 950 omnen
1238 883 1374 953 *nervon

257 979 491 1074 Chrysippus,
522 993 561 1051 ut
593 980 815 1074 persuadent,
857 1001 956 1047 omne
987 972 1142 1072 ἀξίωμα
1167 994 1226 1049 aut
1248 1003 1375 1050 verum

257 1102 329 1148 eene
352 1093 411 1148 aut
434 1082 587 1150 fulsum·
608 1081 659 1151 Ut
683 1080 772 1148 enim
795 1078 964 1169 Epicurus
986 1090 1134 1165 veretur,
1164 1103 1218 1166 ne,
1243 1081 1271 1148 si
1296 1080 1376 1151 hoc

254 1159 478 1265 doncearerit,
511 1178 767 1249 concedendum
799 1177 860 1264 rit,
901 1176 974 1245 fato
1006 1177 1098 1263 lieri,
1128 1199 1376 1267 quaecumque

255 1276 363 1346 liant:
414 1278 466 1368 (si
497 1278 585 1346 enim
616 1279 814 1346 alterutrum
852 1297 894 1343 ex
933 1277 1131 1344 aeternitate
1163 1299 1280 1344 uerum
1315 1279 1376 1362 ait,

250 1471 371 1539 pingere,
394 1468 521 1536 apoduein
544 1467 656 1538 aliquem
679 1467 798 1535 incipere
824 1467 1375 1537 Vere.uav.1nn.uren.oriv.nm.u÷p.

253 1546 351 1607 putnne
367 1538 425 1592 tine
441 1539 590 1593 conditione
597 1539 715 1607 protasio
729 1540 799 1592 hand
824 1540 912 1590 Brenn.
926 1538 986 1588 Scir.
1012 1536 1115 1605 Reliqui
1134 1537 1194 1591 libri
1218 1539 1303 1591 nortri
1320 1539 1374 1592 uu·

253 1615 376 1662 euertere
391 1608 443 1661 init
458 1608 613 1663 arbitrator.
643 1609 695 1661 Sed
709 1610 798 1660 uultur
822 1609 866 1661 tet
880 1604 992 1674 aliquid
1010 1608 1054 1670 Ad
1071 1606 1227 1659 locutionem
1242 1609 1376 1663 convenit

255 1678 365 1744 epodori
381 1679 455 1732 luen·
471 1685 522 1741 ert,
538 1686 568 1733 et
583 1692 723 1745 pronomen
740 1694 798 1729 eeu
823 1678 858 1730 rle
877 1676 953 1728 Fiun.
977 1691 1005 1728 v.
1023 1682 1124 1730 1176.
1140 1683 1209 1729 extr.
1235 1680 1282 1731 eei
1301 1679 1375 1732 inec

255 1747 384 1812 signanus
399 1751 449 1800 lroe
471 1748 607 1816 exprimit,
631 1749 700 1821 quod
717 1753 799 1800 autea
823 1746 999 1810 emittuntur,-
1026 1745 1146 1799 inient
1170 1747 1239 1799 euim
1259 1754 1287 1801 et
1304 1749 1375 1801 derue

253 1815 411 1883 uimplieiter
432 1817 530 1871 dietum
555 1825 623 1871 erat.
658 1821 726 1871 Nam
750 1819 799 1871 hoc
823 1821 930 1886 lengum
952 1815 1064 1869 etruria
1089 1814 1235 1886 litigium
1251 1817 1375 1885 diepa·

253 1889 314 1943 vult
332 1886 444 1940 'l'ulliuee
466 1887 495 1939 Si
511 1886 584 1955 optio
600 1886 652 1940 ribi
668 1902 800 1954 propona·
823 1887 995 1940 tationem.
1032 1887 1196 1939 Sententiam
1215 1887 1265 1940 loci
1282 1903 1376 1954 nemo,

254 1964 308 2021 tur,
325 1955 396 2009 inter
419 1956 559 2024 curyuppi
581 1960 662 2010 t‘ntum
678 1964 798 2010 statuen-
823 1965 852 2010 ut
870 1955 973 2023 opinor,
990 1954 1146 2022 explicatam
1158 1956 1234 2010 velit.
1250 1957 1282 2009 In
1294 1975 1375 2027 eeqq.

254 2024 302 2090 tie,
319 2032 349 2079 et
365 2025 490 2093 Epicuri,
513 2026 562 2079 lati
585 2026 704 2081 evitandi
719 2042 799 2079 cauea
825 2028 891 2079 Cod.
905 2028 937 2076 R.
955 2031 1017 2078 ente
1042 2024 1186 2078 tulemiiiir
1205 2025 1303 2081 omittit
1318 2036 1374 2081 eet.

255 2109 356 2148 omnem
372 2095 576 2151 enuntiationem
593 2102 639 2150 aut
654 2102 800 2149 veramrut
825 2096 878 2149 Pro
907 2096 999 2164 ltaque
1021 2095 1088 2146 eet.
1111 2093 1191 2148 vind.
1215 2098 1247 2147 B.
1273 2098 1375 2167 Atque,

255 2165 349 2220 tetam
365 2183 423 2219 eure
434 2166 565 2230 negantis,
582 2165 799 2219 senteutiamoli·
826 2166 873 2218 Cr.
894 2164 1017 2233 iterque.
1034 2165 1089 2216 Me.

255 2236 344 2299 genui,
367 2252 396 2289 re
418 2251 486 2288 nnnc
508 2235 617 2302 primum
637 2250 800 2288 araeurmnm
862 2237 994 2288 contendit
1010 2250 1095 2285 omnen
1110 2237 1223 2301 nerem]
1238 2235 1283 2288 Ite
1297 2236 1375 2289 loen·

255 2307 377 2371 Epicuro,
397 2305 432 2367 ei,
448 2321 523 2373 quem
540 2312 571 2358 ut
595 2305 722 2358 hominem
746 2312 800 2357 rtu-
826 2310 920 2358 tuaest
937 2313 1026 2357 norter
1042 2303 1070 2355 iu
1079 2305 1157 2356 Verr.
1171 2305 1234 2356 Act.
1243 2304 1266 2354 1.
1277 2310 1374 2359 11115.

255 2374 345 2441 pidum
362 2381 442 2443 utque
465 2377 586 2427 hebetem
610 2376 755 2440 exagitare,
771 2381 800 2428 et
826 2392 892 2428 ouue
902 2405 929 2416 -
937 2374 1057 2442 dignum,
1071 2375 1098 2425 iu
1110 2392 1160 2442 pne
1178 2390 1282 2426 eunucu
1299 2391 1376 2426 uer·

254 2459 339 2512 aquo
356 2446 413 2499 lere
430 2446 459 2499 in
484 2445 538 2500 alie
559 2446 645 2499 omnia
663 2445 800 2498 discedere
826 2463 881 2498 eor
895 2446 993 2497 netatie
1000 2443 1199 2512 industriaeque
1211 2461 1285 2496 ruere
1300 2461 1375 2496 eerr-

255 2522 423 2578 eonrneeret3
457 2517 524 2567 hane
552 2516 620 2568 enim
644 2515 800 2581 opinionem,
827 2517 1004 2569 tenderem.
1038 2514 1081 2565 Ad
1098 2515 1195 2566 urm.
1213 2529 1262 2568 rr.
1279 2518 1319 2568 14.
1340 2521 1375 2568 ae

254 2588 385 2651 utcunque
410 2585 562 2647 abeundum,
596 2592 625 2637 et
649 2584 801 2651 philosophe
828 2602 937 2638 omnen
965 2593 1024 2637 tuoe
1051 2600 1172 2636 uereor
1196 2582 1226 2635 iu
1250 2601 1281 2636 eo
1297 2601 1376 2636 eou-

256 2652 368 2703 moxime
386 2653 529 2719 indiguam,
555 2653 606 2706 eibi
635 2643 801 2706 utentum·
828 2658 955 2708 teudne.
974 2657 1027 2707 Mr.

256 2735 311 2770 rem
328 2727 415 2775 tamen
434 2721 528 2782 videri,
550 2739 625 2790 quem
646 2723 697 2775 inti
712 2740 802 2774 necea·
862 2741 935 2776 omne
951 2721 1119 2787 ἄξι’ωμαιιπ
1138 2739 1230 2774 nerem
1251 2738 1309 2774 eree
1320 2732 1375 2777 cert

255 2787 431 2841 ritatem.“-
448 2794 501 2843 Pro
516 2792 597 2844 litent
615 2792 681 2843 Cod.
701 2793 733 2842 u.
757 2795 802 2845 ha·
822 2796 946 2861 fetrum]
969 2794 1034 2845 Cod.
1056 2795 1090 2844 R.
1108 2794 1235 2845 curium.
1259 2794 1325 2844 (Ἁά.
1342 2796 1375 2845 8.

256 2860 303 2909 bet
321 2860 416 2911 ment.-
432 2876 480 2924 pro
495 2862 623 2913 uuoeutiri
641 2861 725 2914 Codd.
739 2862 802 2913 Pur.
828 2881 885 2917 eree
902 2880 950 2931 pro
967 2879 1049 2915 omne.
1085 2862 1117 2913 In
1133 2863 1217 2929 Copp.
1238 2861 1321 2914 Vicit.
1341 2864 1376 2914 lr.

256 2929 293 2979 N·
311 2928 460 2981 meaturi.-
484 2928 552 2982 idem
572 2947 631 2982 mex
648 2939 697 2982 ent
713 2948 803 2983 ueram
827 2941 1010 3000 comparantur
1043 2935 1110 2984 haec
1138 2933 1298 2984 Pluturetree
1320 2933 1376 2999 [de

255 3005 315 3050 uui
334 3016 405 3051 eree
417 3001 528 3065 sairam.
539 3004 601 3053 Tum
615 3000 709 3053 eoru.
721 2999 802 3053 ucen-
828 3007 894 3056 Fato
908 3021 933 3055 c.
943 3012 984 3057 ll.
1003 3004 1034 3057 T.
1045 3002 1100 3053 111.
1120 3019 1149 3068 p.
1160 3008 1219 3055 218.
1235 3002 1279 3053 ed.
1297 3004 1377 3066 Wyt-

256 3069 323 3119 lictu
340 3083 387 3135 pro
403 3069 543 3136 accipiam.
569 3070 697 3123 Similiter
713 3080 803 3125 notter
828 3075 915 3140 tenu]
940 3071 1026 3155 rpite-r
1047 3073 1077 3124 δὲ
1098 3070 1129 3122 τὸ
1147 3070 1377 3138 πολυθρύλλητον

256 3138 360 3191 locuntur
377 3145 421 3191 cat
440 3141 473 3191 de
491 3142 556 3192 Nat.
574 3144 654 3193 Deor.
668 3142 691 3192 1.
707 3149 802 3208 itali·
829 3142 923 3209 rouro,
947 3159 988 3192 ort
1014 3140 1069 3194 πᾶν
1093 3135 1203 3204 ἄξι’ωμα
1229 3133 1377 3208 &dieder

256 3207 292 3260 de
310 3207 434 3274 Epicuro:
450 3210 602 3278 grauiorem
615 3212 681 3263 entim
693 3214 804 3280 pinguru
829 3210 899 3265 ἐστιν
914 3203 931 3278 ἢ
947 3211 1053 3272 ψευδές.
1072 3212 1224 3261 Proueruer
1234 3209 1374 3263 courir.

256 3277 421 3345 accipiebat,
442 3287 472 3331 ut
502 3281 626 3333 leuiorem
651 3284 804 3347 repelleret:
829 3283 910 3333 habet
922 3283 1021 3346 serum.
1046 3282 1108 3331 Mox
1127 3280 1193 3330 Cod.
1207 3281 1252 3331 Cr.
1271 3279 1375 3347 lupun-

257 3356 348 3400 uoetro
365 3350 422 3401 loco
431 3365 459 3401 ee
472 3349 548 3402 huius
559 3352 716 3404 contrarium
724 3354 803 3404 mullo
829 3369 876 3404 rua
891 3358 1052 3402 certetur.
1063 3348 1147 3401 codd.
1158 3349 1190 3398 R.
1207 3351 1247 3401 Μ.
1259 3350 1287 3400 S.
1309 3366 1375 3401 eore-

257 3416 307 3469 uit.
327 3419 379 3470 Pro
403 3435 498 3485 quatu
514 3423 577 3484 sato
595 3427 638 3473 eet
651 3438 718 3488 qun
731 3424 803 3486 sate,
829 3422 940 3474 reurerit
966 3436 1014 3485 pro
1044 3417 1210 3470 conuenerit.
1253 3419 1376 3482 Pergunt

257 3486 325 3539 mira
342 3488 513 3550 correctione,
531 3490 554 3542 ri
572 3508 623 3557 qna
640 3498 692 3552 eet,
708 3491 804 3558 prruad
830 3492 896 3544 cod.
907 3492 942 3541 U.
954 3490 1024 3541 Edi.
1037 3490 1099 3539 Aac.
1109 3497 1133 3541 1.
1147 3496 1173 3542 2.
1192 3488 1267 3540 Cret.
1277 3490 1374 3541 Herw.

252 3559 367 3626 plegem
384 3561 478 3612 relatu.
501 3560 670 3626 Quantopere
688 3577 805 3628 eompre-
831 3563 904 3612 Vall.
923 3560 1113 3611 eoncedendum
1129 3557 1175 3620 eit,
1192 3558 1297 3610 omniu
1307 3561 1374 3624 suto

256 3626 338 3678 tundi
351 3632 459 3681 verbum
476 3636 547 3681 amet
564 3639 668 3691 noster,
693 3646 744 3682 non
764 3635 806 3681 ert
824 3630 899 3699 fieri.
934 3630 986 3681 Sed
1004 3644 1093 3683 vocem
1111 3628 1197 3681 omniu
1212 3643 1265 3680 non
1290 3642 1373 3693 agno·

258 3697 327 3763 quod
345 3697 471 3764 exemplis
490 3697 579 3753 alletia
604 3701 727 3765 probem,
749 3715 805 3753 com
829 3708 907 3753 munt
924 3698 1017 3767 reliqui
1034 3697 1107 3749 libri.
1123 3698 1177 3750 Mr.

257 3779 291 3818 ee
308 3767 414 3820 abunde
442 3770 487 3823 vel
513 3768 600 3821 lexica
624 3767 803 3836 suppeditent.
863 3770 888 3821 ei
905 3772 972 3822 euin
994 3767 1169 3835 niteremur]
1195 3769 1245 3819 Eat
1258 3769 1374 3819 ulterari

259 3837 314 3890 uir.
634 3903 637 3908 y
829 3849 920 3892 utrum
936 3840 964 3893 in
980 3839 1065 3904 Copp.
1079 3836 1163 3890 Victt.
1177 3837 1204 3889 b.
1217 3838 1373 3890 Codd.L.c.

293 3905 345 3959 ute
362 3907 429 3959 euim
447 3909 579 3961 sententie
603 3907 734 3976 aliquid
749 3909 802 3961 lra-
830 3912 890 3972 W.;
913 3911 961 3961 red
981 3908 1095 3959 alterurn
1120 3906 1219 3974 ubsque
1241 3914 1329 3958 utrum
1343 3904 1373 3957 in

258 3975 313 4028 det
329 3976 542 4045 ἀίεραζιείοπίεῆ
567 3978 700 4031 Scribitur
718 3978 759 4032 ita
775 3979 802 4030 in
830 3980 967 4034 coddcr.
985 3977 1048 4029 Par.
1064 3979 1101 4029 N.
1110 3977 1138 4028 S.
1151 3979 1199 4040 R.,
1215 3978 1327 4030 nitemur
1341 3974 1374 4025 ei

260 4045 345 4097 Codd.
365 4049 394 4098 Ι..
405 4064 430 4100 e.
447 4049 482 4099 U.
495 4048 575 4100 Vind.
586 4048 803 4115 A.Copp.Victt.
829 4057 919 4103 utrum
930 4048 958 4101 in
968 4047 1033 4100 Cod.
1043 4048 1093 4110 U.,
1104 4051 1235 4100 ulturum
1252 4046 1281 4098 ei
1295 4062 1373 4097 ucu-

259 4128 285 4166 u.
304 4115 331 4165 b.
347 4116 416 4168 Edd.
446 4118 509 4170 Aac.
531 4125 557 4172 1.
576 4127 602 4172 t.
621 4121 694 4170 Crat.
711 4120 802 4170 Herw.
828 4129 917 4175 trum
933 4118 961 4171 in
979 4117 1049 4169 ΕΜ.
1068 4118 1132 4170 Aac.
1147 4125 1171 4170 1.
1185 4119 1258 4170 vall.
1277 4117 1373 4167 Vocem

261 4185 419 4249 Vetilium.
439 4187 503 4240 Car.
520 4189 611 4254 steph.
631 4191 726 4240 sturm.
739 4188 803 4239 ΑΜ.
830 4208 862 4243 er
879 4188 1028 4244 nonhabet
1045 4187 1184 4249 Cod.Cr.,
1201 4186 1227 4240 in
1242 4185 1326 4238 Codd.
1337 4186 1374 4235 u,

261 4255 438 4309 Boutlanrb.
455 4259 532 4311 Goth.
546 4261 623 4312 Brut.
636 4260 710 4324 sylb.
726 4260 803 4311 Grut.
830 4262 870 4313 M.
888 4265 929 4313 eet
944 4256 1105 4332 eeteruitote
1132 4273 1180 4324 pru
1206 4274 1238 4311 er
1257 4255 1373 4310 neumi-
