2892 4842
216 309 259 369 eo
405 365 408 376 ,
624 305 672 355 us
688 297 935 355 urvrrssrrons

216 472 363 546 mirabili
383 469 616 564 magnitudine
640 491 760 556 uvam,
793 477 834 537 ut
868 469 1032 557 scriptum
1058 464 1224 553 videmus,
1247 468 1343 535 iure·

217 575 276 643 nit.
304 572 382 657 Qus
405 593 444 639 re
468 570 653 656 celebrete,
678 590 758 637 cuns
782 566 883 636 vicini
905 588 1021 634 ornnes
1043 563 1090 633 sd
1114 587 1193 634 eum
1218 564 1264 635 de
1284 589 1343 636 re-

172 692 207 740 ss.
217 674 281 743 bus
305 670 372 738 suis
396 668 576 755 referrent,
600 678 675 736 erat
698 668 734 736 in
757 688 883 760 magno
908 665 1042 733 nomine
1071 675 1107 733 et
1131 665 1252 758 gloria.
1275 664 1344 733 Ex

216 792 286 863 quo
311 768 442 838 lactum
466 777 535 853 est,
565 777 605 835 ut
637 789 716 835 eum
750 764 797 834 ad
830 787 867 832 se
898 765 959 834 rex
982 763 1117 832 Priscus
1145 772 1343 833 arcesseret

216 868 320 939 Cuius
345 888 431 936 cusu
447 875 593 935 tentaret
622 865 797 934 scientiam
822 872 1026 956 augustus,
1048 862 1144 952 ‚diris
1168 863 1218 951 ei,
1243 863 1343 954 eogi-

214 1044 251 1096 sd
267 1044 337 1094 Aen.
355 1056 409 1104 νη,
426 1048 487 1098 ter.
516 1046 558 1096 ne
577 1040 636 1110 ipso
655 1038 765 1095 historia
792 1041 846 1092 Sed
864 1040 933 1092 bene
946 1037 1047 1092 monuit
1062 1037 1235 1105 Woplseusius
1254 1021 1345 1092 sectr!

216 1110 328 1166 diximus
344 1112 379 1165 sd
396 1110 444 1165 lib.
455 1112 495 1164 11.
508 1115 544 1164 N.
556 1091 589 1165 i)
600 1129 624 1163 c.
635 1119 660 1165 t.
680 1111 748 1162 Der.
792 1111 861 1163 Tull.
877 1125 904 1177 p.
913 1115 973 1164 tte.
990 1125 1071 1160 nuum
1078 1106 1171 1161 mellus
1182 1109 1344 1177 respondere

250 1181 280 1234 ia
300 1181 439 1251 regione
451 1181 609 1248 Melete]
625 1183 693 1235 Dav.
710 1179 765 1233 cdi-
791 1177 829 1249 τῷ
845 1195 941 1231 omncs.
955 1178 1158 1242 Intelligendum
1168 1186 1212 1232 est
1227 1183 1345 1231 sument

215 1252 258 1304 dit
274 1251 407 1320 regiones.
428 1255 507 1304 ursle.
523 1267 582 1305 narn
598 1257 691 1319 quartu
704 1266 766 1319 pers
792 1248 941 1302 addendum
961 1264 1014 1302 nou
1036 1262 1084 1314 pro
1110 1264 1192 1300 eoum
1215 1264 1344 1316 reponen-

215 1336 267 1374 non
280 1328 340 1374 eret
360 1321 388 1374 iu
409 1319 531 1386 regiones
554 1320 706 1383 distributa,
718 1322 766 1372 sed
794 1318 864 1371 dum.
885 1319 951 1371 Era.
964 1349 999 1360 -
1013 1316 1128 1383 Scripsit
1143 1316 1263 1371 nimirum
1277 1317 1343 1370 Ern.

215 1400 276 1444 crat
289 1406 351 1458 pers
371 1388 466 1444 vineae
485 1391 513 1445 in
537 1390 658 1456 regiones
674 1389 767 1442 distri-
792 1405 883 1451 ersom,
895 1386 1106 1455 quoditeml'ccit
1118 1388 1180 1439 Sch.
1205 1390 1345 1453 Bgovero,

215 1461 313 1523 botae,
340 1457 399 1514 sive
416 1459 531 1525 regionis
552 1459 712 1513 distributae
734 1475 768 1512 sc
793 1474 851 1510 cusu
865 1458 900 1509 sd
923 1456 1109 1510 anctoritatem
1128 1456 1253 1509 Codicsnn
1272 1461 1342 1512 st.

215 1527 330 1584 divisse.
348 1529 416 1581 Em.
430 1531 511 1583 -In
534 1529 644 1583 eandem
658 1537 768 1583 senter-
793 1527 906 1581 accedat
924 1526 1008 1580 etism
1025 1525 1107 1579 lectio
1130 1526 1215 1580 codd.
1235 1525 1342 1580 Oxonu.

100 1597 104 1610 ¹
216 1597 282 1650 tium
294 1598 431 1666 disputant
442 1599 523 1652 eriam
535 1601 616 1652 Hott.
631 1604 661 1650 et
671 1601 767 1663 Reth.;
793 1599 841 1650 co.
851 1596 895 1650 vi.
905 1598 931 1649 b.
949 1602 979 1649 et
995 1603 1141 1649 nostrornm
1152 1597 1184 1647 R.
1199 1599 1230 1648 Ι..
1244 1597 1271 1649 b.
1279 1614 1304 1648 c.
1314 1596 1344 1648 d.

217 1670 350 1720 Gesnerns
364 1667 468 1722 veroin
481 1670 586 1722 cerere.
602 1667 659 1720 Cic.
668 1686 697 1737 p.
707 1675 767 1723 489.
793 1669 839 1720 (tr.
857 1674 887 1719 et
901 1668 941 1718 M.
955 1666 1025 1718 Edd.
1043 1667 1141 1720 sturm.
1159 1666 1226 1718 Rob.
1242 1668 1344 1719 etCsr.
1370 1696 1374 1701 -

215 1735 322 1803 scripsit
339 1737 474 1808 regiones.
502 1739 567 1792 Cum
589 1753 653 1792 vero
674 1737 768 1791 distin-
792 1738 908 1804 steph„
945 1734 1053 1790 restitui
1080 1749 1138 1786 curn
1170 1738 1247 1790 Hott.
1270 1752 1345 1799 cums

216 1805 330 1860 ctionem
341 1814 402 1875 post
418 1807 523 1876 reliqua
535 1805 661 1871 omiserit,
674 1807 770 1872 invito,
809 1822 945 1875 numquam
967 1821 1019 1858 aon
1035 1818 1167 1871 repugno,
1191 1803 1214 1857 si
1236 1805 1298 1875 quis¹
1309 1822 1345 1858 ex

180 1899 187 1914 ·
216 1892 251 1928 en
266 1879 374 1930 volente
388 1892 420 1930 eo
436 1893 588 1945 expressum
597 1877 769 1946 sitregiorscs
850 1872 901 1928 esti
928 1873 1061 1930 sententie
1083 1873 1241 1927 coniunctius
1263 1873 1345 1928 scribi

198 1944 333 2022 discerni
359 1944 460 2014 aequit.
503 1945 638 1999 Scblitzins
670 1951 768 2011 sutem,
794 1945 863 2000 velit
883 1962 970 1998 omres
990 1946 1030 1998 ad
1042 1960 1110 1997 eom
1129 1961 1234 1996 essum.
1253 1945 1344 1998 [elle-

214 2013 316 2082 „Imrno
340 2031 416 2077 vero,
431 2015 481 2077 sit,
501 2013 605 2069 Areum
621 2016 769 2070 Naevium
794 2029 904 2068 manuus
919 2031 976 2067 curn
994 2012 1101 2068 Dssbio
1117 2020 1147 2067 et
1163 2013 1248 2068 Codd.
1265 2015 1344 2068 MSS.

110 2103 117 2110 ·
216 2083 296 2155 (sic),
321 2101 372 2153 qno
394 2083 499 2139 facilins
525 2100 603 2139 ussus
625 2083 768 2150 inveniret,
793 2084 868 2137 tecit.
883 2084 937 2138 Mr.
949 2114 978 2125 -
999 2086 1043 2136 Ad
1058 2084 1141 2138 verbs
1155 2086 1192 2137 ad
1206 2083 1346 2138 meridiem

215 2160 350 2221 quartam
366 2153 440 2207 illem
449 2153 546 2209 vinese
555 2160 659 2221 partem
671 2155 767 2209 iterum
793 2154 958 2222 spectarent.
967 2154 1103 2207 Plutarch.
1113 2155 1235 2208 Quaeste
1243 2156 1343 2208 Rornrn.

216 2222 246 2278 in
259 2240 324 2278 snas
346 2223 467 2289 regiones
490 2223 612 2280 divisisse
636 2224 767 2278 credibile
795 2235 920 2277 uxxvrrr.
941 2227 969 2290 p.
987 2227 1088 2278 2821)
1104 2252 1133 2263 -
1148 2225 1179 2276 P.
1197 2231 1226 2277 et
1241 2224 1269 2278 in
1285 2242 1345 2280 euru
1444 2279 1445 2290 ,

217 2300 273 2356 est;
292 2299 322 2345 ut
338 2310 416 2362 quesn
429 2293 524 2347 iterim
538 2309 602 2348 sves
617 2301 674 2349 tres
681 2295 766 2361 regio-
794 2291 993 2360 wyttenbachii
1007 2291 1168 2347 Animadvv.
1188 2299 1266 2363 pto.
1278 2294 1344 2363 ibiq.

216 2379 265 2419 nes
282 2362 489 2418 ubdisissentiu
508 2372 602 2431 quens
615 2382 710 2419 eoam
724 2381 767 2417 re·
793 2366 879 2418 Verso
903 2362 975 2430 spnd
999 2363 1105 2414 Festum
1128 2379 1155 2429 p.
1178 2371 1238 2419 ert.
1264 2363 1344 2418 Dion.

214 2432 356 2500 perimor.
383 2433 413 2486 si
424 2433 525 2501 legitur
540 2433 569 2486 iss
582 2436 694 2506 regione
708 2434 767 2488 siis·
793 2430 1200 2488 Hatic.A.tt.11.r.1.iv.1.1s.
1213 2433 1344 2501 Porphyr.

215 2503 319 2564 tributa
330 2508 576 2572 superflumam
588 2514 660 2560 esset
674 2505 767 2558 addi·
793 2504 922 2557 deAntro
931 2503 1044 2568 Nymph.
1058 2505 1083 2567 s.
1093 2507 1137 2554 21.
1152 2503 1343 2569 erabesctogg.

215 2580 427 2627 tomentum.“
437 2573 768 2630 Videmnseumsllssu'sii
795 2574 818 2625 1.
828 2589 856 2640 p.
865 2579 926 2626 990.
955 2573 1044 2639 Atque
1061 2569 1089 2622 lsi
1105 2570 1157 2623 dno
1172 2569 1233 2636 loci,
1256 2572 1344 2653 quiin

216 2641 339 2710 pertibus
349 2649 432 2705 stere,
442 2658 595 2711 quemquam
606 2661 709 2698 sensura
721 2661 767 2697 no·
793 2643 846 2696 fine
862 2642 1016 2704 laudentur,
1033 2641 1138 2704 docent,
1156 2645 1288 2695 nonnullis
1298 2657 1344 2698 ve·

216 2712 289 2764 tnlse
303 2711 767 2781 nonptsnepercipirnns,opersrurn
793 2718 879 2766 terum
903 2709 1041 2764 Meridiem
1069 2709 1188 2763 enicem·
1215 2719 1298 2780 ceput
1314 2720 1345 2768 et

216 2780 380 2846 negligentia
407 2779 502 2833 misere
526 2790 677 2848 corruptae.
709 2786 766 2848 Ego
793 2780 979 2836 immortalium
988 2779 1345 2835 ermemmnlsumffler-

216 2867 292 2916 vero,
304 2848 327 2903 si
346 2848 375 2902 id
387 2850 517 2904 volnisset
535 2851 611 2914 cie,
628 2851 767 2921 quodvult
793 2849 864 2905 tinet
877 2858 965 2904 sutem
981 2852 1053 2903 locus
1067 2849 1203 2904 Plutarchi
1220 2852 1344 2908 nuestus

216 2922 295 2982 Seli..
311 2935 369 2972 enm
390 2918 520 2972 dicturum
536 2918 618 2973 fuisse
632 2921 767 2975 existimo:
794 2921 921 2975 etiamad
938 2921 978 2973 11.
996 2926 1038 2975 so.
1054 2918 1095 2973 ito
1109 2921 1184 2973 mobis
1197 2920 1346 2977 sinistro

216 2998 322 3060 peona,
339 2995 444 3057 parte,
471 3006 541 3059 quoe
565 2996 625 3043 erut
655 2993 768 3062 reliquo.
792 2989 1036 3054 praesumeretis
1058 2997 1085 3042 et
1102 2989 1223 3044 barberio
1236 2992 1345 3060 dextro,

216 3062 324 3114 dorsuo
349 3058 521 3112 distributor
543 3054 695 3116 assevero
719 3065 769 3115 hoc
793 3062 902 3115 metiore
916 3067 968 3115 etc.
1000 3059 1119 3113 Eundem
1143 3062 1228 3114 locem
1245 3062 1345 3116 Ovidio

218 3132 293 3184 vult:
311 3131 411 3212 quarte
424 3138 505 3196 porte
516 3147 584 3199 pnes
595 3139 655 3185 eras
665 3132 769 3202 reliqua
793 3129 915 3184 adhibuit
931 3128 1067 3184 Meairiuc·
1086 3132 1121 3184 sd
1135 3130 1223 3200 Epist
1230 3132 1344 3185 Heroid.

216 3200 275 3252 s‘sr
323 3216 371 3252 osse
389 3198 537 3253 distributo
559 3199 580 3253 i.
599 3216 625 3253 e.
648 3202 769 3272 regionis
794 3201 970 3268 r.1.p.1ro.
985 3201 1029 3254 Cr.

217 3267 274 3323 dist
347 3287 380 3322 ee
393 3272 439 3323 vel
454 3269 609 3339 crregiorse
621 3273 769 3326 distributo
829 3272 1001 3340 Arcesseret]
1024 3269 1193 3340 sicquidem
1211 3271 1272 3323 Pel.
1287 3286 1344 3324 scc.

219 3340 239 3394 i.
257 3356 281 3393 e.
298 3357 333 3392 ex
348 3338 428 3395 sines
442 3338 539 3395 totuin
556 3345 769 3411 qustnorpertes
793 3346 858 3394 tert.
873 3343 900 3392 S.
913 3340 987 3393 Vict.
1000 3340 1071 3394 item.
1088 3341 1155 3394 editi
1177 3356 1193 3394 s
1208 3341 1343 3394 victorio:

218 3410 370 3465 distribute.
387 3410 443 3463 Me.
794 3411 842 3463 sed
853 3417 942 3463 tumen
960 3427 999 3478 pr.
1015 3411 1168 3464 arcessiret.
1192 3411 1345 3476 Vulggcc-

147 3501 154 3518 =
251 3496 355 3543 oocm,
372 3487 404 3533 rst
419 3479 549 3548 scriptum
564 3480 695 3550 videmus]
715 3483 766 3535 Ed.
794 3481 918 3535 cerserct.
938 3480 1047 3533 Gruter.
1094 3495 1097 3502 ’

210 3550 386 3605 nocturum
401 3555 481 3603 mom
494 3566 542 3618 pro
564 3568 650 3605 noan.
678 3556 714 3606 Et
728 3552 767 3607 sie
828 3553 997 3616 arcesseret]
1014 3553 1211 3612 eructuarent
1228 3549 1344 3618 plorum·

217 3629 328 3690 utroque
342 3623 399 3673 loco
413 3622 481 3674 Cod.
495 3622 528 3671 ll.
545 3622 599 3673 tir.
793 3638 843 3689 que
858 3620 885 3674 in
908 3623 934 3671 h.
951 3636 994 3683 m,
1016 3619 1078 3672 libri
1100 3618 1175 3673 inter
1195 3623 1346 3675 arcesseret

251 3691 344 3745 Omnes
356 3691 393 3743 rsd
409 3692 499 3760 uunsn]
518 3693 590 3743 Patr.
600 3692 665 3744 ets.
674 3689 765 3744 Victo-
793 3698 822 3744 et
832 3696 990 3743 accerseret.
1003 3689 1080 3742 lllsrn
1091 3688 1258 3757 scriptionem
1266 3706 1345 3757 pree·

214 3760 253 3811 ris
263 3763 409 3825 exemplar,
419 3777 506 3813 munes
518 3761 555 3813 od
564 3779 630 3824 eum,
639 3763 765 3828 quomodo
793 3767 865 3814 stare
880 3766 987 3812 mouent
1002 3761 1158 3813 Grotefend.
1176 3761 1195 3811 l.
1207 3778 1232 3812 c.
1248 3764 1272 3824 i·
1283 3765 1344 3814 trs.

216 3834 247 3880 et
260 3828 346 3880 edidit
357 3829 498 3883 Victorius.
519 3832 631 3884 (instem
793 3833 901 3884 Nolten.
915 3836 977 3882 tex.
986 3828 1130 3883 euenere.
1141 3846 1169 3897 p.
1178 3835 1221 3884 2³.
1239 3831 1344 3882 Cellsr.

251 3895 323 3950 lbid.
341 3897 433 3950 Omnes
445 3901 480 3952 sd
494 3903 562 3970 euru]
576 3903 661 3965 Vulgo
677 3917 765 3952 omues
793 3899 919 3965 Ortlsogr.
930 3903 989 3953 Lat.
1004 3915 1031 3965 p.
1050 3907 1108 3954 tlt.
1121 3915 1160 3966 sq.
1177 3898 1222 3950 ed.
1232 3900 1344 3952 Harles.

215 3968 359 4046 edoceres.
385 3970 483 4021 Verum
505 3986 556 4023 non
579 3978 699 4024 erstcnr
716 3968 765 4023 ille
793 3968 857 4038 ibiq.
875 3971 966 4023 lsudd.
987 3969 1054 4021 Cod.
1071 3970 1104 4021 P.
1126 3970 1211 4022 hebet
1225 3968 1344 4031 necersi-

188 4043 190 4047 ‘
215 4043 359 4105 scnptors,
371 4037 547 4093 renitentibus
558 4039 669 4105 orestis,
680 4042 764 4093 locasn
792 4047 843 4093 ret.
861 4041 888 4091 8.
902 4038 1055 4093 arraserit.
1074 4041 1129 4093 Mr.

216 4121 289 4159 suum
304 4105 403 4160 diutius
417 4114 532 4162 teneret.
550 4111 658 4163 Decies
828 4110 912 4176 Calas
936 4127 1006 4163 cram
1025 4115 1142 4162 tentaret
1158 4112 1225 4177 ele]
1247 4110 1345 4168 Oratio

251 4190 338 4228 omnes
349 4178 386 4229 od
400 4183 480 4247 eum]
493 4181 569 4232 MSS.
585 4187 616 4233 ut
633 4187 663 4234 el
674 4182 763 4233 Guelf.
792 4182 881 4248 psello
898 4181 989 4234 durior
1005 4186 1056 4233 est.
1069 4196 1117 4247 pro
1129 4198 1189 4232 cum
1201 4180 1344 4236 meliusvi-

215 4244 315 4300 hebent
333 4248 370 4301 od
388 4265 460 4313 eoas,
478 4249 547 4317 qnod
570 4249 672 4319 recepit
694 4255 763 4306 st.
791 4252 887 4305 testor
912 4257 952 4307 st.
985 4252 1037 4303 Sed
1057 4257 1174 4304 tontum
1195 4257 1287 4318 potest
1303 4249 1344 4305 iu-
