2892 4842
532 265 643 319 sisso
662 265 700 330 11,
718 271 762 321 rr.
1127 271 1204 334 ‚aar

164 436 236 508 Sed
259 460 348 528 quse
371 447 464 508 mols
489 436 660 509 dementis
683 447 752 525 ost,
787 446 827 506 nt
860 441 894 508 in
919 438 1075 510 maximis
1100 440 1259 508 moti-4⁶·

88 540 154 609 isus
182 537 489 627 mutationibusque
514 541 601 607 coeli
626 539 711 610 nihil
736 537 877 625 intersit,
908 539 967 626 qui
990 548 1118 623 ventus,
1141 539 1201 627 qui
1213 517 1288 628 {⁶122

90 639 212 718 imber,
251 659 338 726 quse
371 648 553 727 tempestas
586 637 712 725 ubique
748 625 816 703 sol
855 657 999 726 quorum
1030 658 1143 704 rerum
1166 638 1200 704 in
1240 636 1262 669 ⁸·

89 735 252 827 proximis
274 735 357 802 locis
384 745 495 803 tantm
520 733 806 803 dissimilitudines
831 757 935 825 osope
964 744 1051 820 sunt,
1076 747 1115 802 ut
1136 735 1201 802 slis

89 834 251 918 Tusculi,
285 833 352 900 olis
372 834 517 901 Romae
549 835 681 901 eveniat
714 855 817 924 saepe
847 842 1039 923 tempestus.
1087 832 1203 918 Quod,

90 933 149 1022 qui
174 931 343 1024 navigant,
376 919 521 999 morinis
546 930 832 1017 animadvertunt,
866 952 946 999 oum
970 933 1004 999 in
1028 930 1204 999 flectendis

1032 1015 1239 1039 w

88 1030 329 1122 promontoriis
361 1040 537 1098 ventorum
571 1031 770 1099 muutiones
802 1031 963 1099 maximas
993 1052 1096 1121 saepe
1124 1053 1202 1098 sen-

90 1131 182 1197 tiant.
231 1128 328 1196 Haec
358 1130 463 1221 igitur
487 1151 566 1197 cunr
591 1130 632 1197 sit
665 1139 737 1197 tuor
767 1129 935 1215 serenitas,
970 1140 1043 1196 tum
1064 1139 1203 1220 portur-

88 1229 183 1296 bstio
208 1226 309 1295 caeli:
343 1240 436 1295 estne
470 1250 626 1296 sonorum
660 1226 858 1314 hominum,
890 1227 960 1296 hoo
991 1226 1036 1294 nd
1062 1249 1201 1295 nescen-

91 1327 175 1394 tium
201 1335 294 1393 ortns
321 1326 491 1415 pertinere
522 1349 587 1395 non
613 1323 749 1412 dicere,
785 1325 880 1416 qnod
911 1337 1005 1395 certe
1029 1347 1095 1393 non
1118 1348 1202 1417 per-

123 1490 192 1541 quae
213 1461 291 1523 todta
316 1471 448 1524 &nenda
472 1481 528 1534 est,
552 1480 632 1525 ot-
693 1471 923 1527 dissimilitudines
962 1489 1065 1542 soepe
1093 1480 1202 1526 ssent-

87 1542 157 1596 niisil
181 1540 353 1622 intersit,]
381 1543 458 1596 Quod
479 1545 506 1595 lr.
527 1544 546 1595 1.
566 1541 633 1595 dioit
659 1544 764 1595 eueniat
783 1559 885 1610 saepe
905 1547 1061 1611 tempestas]
1094 1542 1203 1597 Horolio

87 1619 253 1681 annutante,
272 1608 395 1664 similiter
410 1611 518 1680 scripsit
526 1612 562 1664 sd
573 1616 631 1666 Att.
661 1614 712 1664 lc.
729 1630 756 1679 p.
773 1618 833 1668 141.
850 1629 900 1667 sos
921 1629 999 1682 saepe
1018 1611 1133 1680 repetito
1149 1612 1202 1666 dis·

90 1689 178 1735 rrr.8.
207 1679 295 1748 Quid
312 1682 378 1732 enias
396 1689 437 1733 est
458 1681 632 1734 lautomia
659 1682 755 1748 plicot;
787 1682 875 1749 priore
905 1684 962 1736 loro
980 1686 1060 1752 ptsne
1077 1683 1161 1737 otioso
1176 1680 1202 1736 ei

87 1769 140 1803 sao
153 1758 201 1803 oat
219 1752 304 1803 ultera
321 1750 388 1802 die?
420 1752 496 1806 Quod
515 1750 633 1819 sequitur
659 1749 779 1804 videtur:
796 1768 936 1818 querepro
950 1768 983 1806 es
1000 1753 1203 1819 desiderstfers

87 1820 231 1873 stt-nili!
243 1821 358 1882 intersit,
381 1835 429 1887 por
448 1820 632 1890 breviloqusu-
659 1822 799 1874 tetrarte.
822 1823 887 1873 ‘l'om
907 1837 980 1885 voro,
1005 1821 1201 1876 slterotrrmsi

86 1890 152 1943 tium
165 1890 271 1944 dicitnr.
299 1891 410 1942 Ponitur
426 1897 465 1951 st,
486 1889 558 1959 qussi
570 1906 632 1956 pon·
657 1897 792 1957 receptum
807 1888 883 1953 velis,
901 1896 975 1944 certo
989 1898 1052 1945 snte
1067 1891 1203 1945 dissimili·

87 1957 329 2013 destsententisa
350 1960 528 2026 praecedente
536 1967 631 2012 sassa.
658 1958 764 2012 tudines
788 1958 841 2013 erit
862 1962 1049 2027 reponendum.
1069 1961 1121 2013 Sed
1136 1960 1201 2013 nihil

87 2029 230 2096 cogitetur
241 2034 344 2081 sotem:
367 2030 473 2095 Quanta
491 2038 578 2083 astera
591 2036 631 2081 est
656 2045 721 2096 opus
734 2028 884 2082 mutatione.
896 2031 970 2085 Quod
981 2029 1008 2084 in
1017 2029 1134 2084 oratione
1142 2045 1202 2082 oon·

87 2100 230 2162 dementia,
241 2099 338 2160 dicero,
357 2099 425 2150 nitri!
439 2100 567 2152 interesse
577 2107 630 2152 ets.
659 2097 732 2152 tinus
742 2114 795 2151 nou
809 2100 937 2165 plseeret,
952 2099 978 2152 in
997 2116 1114 2156 sermono
1125 2099 1203 2168 turni-

91 2173 173 2222 Abest
194 2171 219 2221 in
242 2176 301 2234 post
322 2175 353 2219 ot
377 2184 393 2221 s
415 2170 481 2223 Cod.
502 2173 535 2221 Β.
561 2168 631 2221 ruo.
658 2167 718 2221 lissi
740 2166 819 2221 focile
843 2168 929 2222 iertur
950 2177 977 2224 et
1003 2177 1102 2233 gratnm
1122 2184 1203 2236 osope

89 2243 157 2291 Vero.
176 2244 251 2292 itui·
270 2240 333 2290 osc.
358 2245 419 2292 Μ.
449 2242 631 2293 Cratliorn.
658 2239 740 2291 hobel
770 2237 962 2303 negligentium.
995 2242 1034 2291 De
1061 2255 1110 2300 ssu
1131 2237 1203 2294 vocis

87 2312 205 2363 eterno
223 2306 378 2368 Gronovius,
395 2307 439 2375 qui
460 2309 536 2361 istam
553 2322 631 2362 roco·
658 2306 888 2360 dissimilitudines
903 2326 930 2363 v.
948 2310 1075 2362 Goerenz.
1098 2309 1133 2361 od
1145 2308 1202 2361 Cic.

88 2381 141 2432 ism
159 2375 261 2430 nonnisi
286 2376 356 2442 spod
379 2379 518 2431 Gruterum
539 2384 632 2432 sbesso
659 2377 762 2431 Acsdd.
781 2376 820 2428 11.
839 2384 882 2432 tt.
897 2385 955 2432 1⁰³·
970 2395 997 2445 p.
1014 2386 1071 2433 187.
1083 2396 1122 2446 sq.
1149 2378 1203 2430 Pro

86 2449 178 2506 sciret,
192 2449 241 2498 hoc
251 2444 334 2499 invito
343 2448 457 2500 Gruterus
472 2450 633 2501 iretumesso
659 2454 720 2499 sont
735 2452 776 2499 est
789 2447 842 2498 sint
855 2445 882 2499 in
899 2447 984 2500 Codd.
1000 2451 1046 2502 Cr.
1060 2449 1088 2499 l.
1098 2464 1137 2510 ας
1154 2463 1204 2514 pro

86 2517 263 2571 existimabat.
293 2517 356 2567 Post
382 2519 450 2568 ooels'
466 2517 558 2571 sustuli
577 2533 633 2572 com
659 2516 765 2569 eveniret
780 2516 846 2569 Cod.
862 2518 893 2568 R.
905 2517 1087 2587 omiatrqoso
1099 2525 1204 2570 nonest

87 2591 167 2642 Hott.
190 2584 385 2638 distinctionem
409 2587 540 2648 minorem,
565 2602 633 2655 quse
659 2587 740 2640 lectio
761 2585 886 2648 verinus,
919 2588 967 2640 sed
998 2603 1073 2642 error
1092 2584 1205 2650 scribon,

87 2665 129 2710 est
149 2658 175 2710 io
192 2655 260 2706 Pdd.
280 2656 358 2707 Grut.
381 2659 461 2708 Vorb.
481 2660 543 2709 Ern.
558 2657 632 2711 oliv.
659 2658 741 2711 verbu
766 2659 980 2708 nosssEvnrrrsr
998 2660 1066 2711 male
1082 2655 1204 2722 legentis.

88 2730 148 2780 Scis.
172 2723 256 2778 invito
282 2727 360 2789 pluro
386 2726 517 2779 metentis
539 2733 568 2779 et
584 2726 633 2779 loci
659 2728 714 2779 Pro
730 2726 964 2780 animadvertunt
982 2735 1025 2781 est
1039 2727 1204 2780 sammon,

87 2804 233 2850 umerum.
263 2794 316 2845 Sed
337 2796 407 2863 qnod
426 2797 460 2849 sd
478 2794 560 2848 totins
580 2795 632 2849 loci
660 2804 734 2849 tant
747 2796 774 2849 in
790 2797 874 2849 Codd.
889 2800 935 2851 Cr.
945 2799 978 2850 P.
992 2797 1022 2851 t.
1036 2814 1060 2848 c.
1080 2798 1133 2849 Mr.

86 2866 257 2933 scriptionem
284 2864 382 2917 sttinet
423 2866 503 2919 ortuo
532 2864 633 2918 arridet
693 2866 721 2917 in
735 2868 876 2933 flectendis
891 2867 1088 2936 promontoriis]
1104 2864 1203 2919 Simili·
1231 2897 1234 2905 ι

85 2933 201 2989 Sdniitzii
218 2939 245 2984 et
263 2935 413 2988 emendatio
437 2942 464 2988 et
487 2933 632 2997 distinctio,
658 2942 702 2989 ter
715 2937 750 2988 sd
766 2938 825 2989 ott.
836 2945 899 2990 m.
916 2936 1039 3005 scripsit:
1056 2942 1084 2989 ot
1101 2937 1203 2988 Maea-

85 3023 162 3073 qoeru
175 3002 341 3070 recepissem,
354 3004 403 3057 nisi
415 3012 443 3056 et
459 3003 534 3056 tibris
549 3004 631 3057 omni·
658 3014 712 3058 tuns
721 3008 871 3071 stertere
896 3010 1030 3060 antestans
1050 3006 1201 3059 videbatur.

87 3077 135 3128 bus
146 3072 236 3127 invitis
250 3081 319 3126 osset
334 3089 386 3127 uns
401 3089 451 3127 ros
464 3074 631 3134 sddonds,ot
658 3073 769 3139 Scripsit
789 3082 875 3127 sutoro
899 3076 1039 3129 Lambinus
1062 3092 1202 3144 promon-

86 3148 195 3209 vulgara
212 3142 290 3196 lectio
308 3142 373 3196 sutis
392 3141 631 3196 commodumorhi-
658 3144 751 3195 toriisr
766 3143 800 3195 de
816 3161 866 3211 qus
873 3144 1015 3212 scriptione
1029 3144 1201 3214 antiquavid.

87 3212 336 3268 beretsenteutinur.
356 3213 494 3267 Itssutem
509 3209 631 3265 illos-iod
659 3217 760 3267 Colias.
775 3214 967 3278 Ortona-Lol.
977 3232 1002 3282 p.
1014 3222 1121 3296 itti-sq.
1138 3214 1202 3284 ibiq.

85 3302 154 3369 puae
174 3292 251 3335 tanta
271 3283 403 3335 dementia
423 3290 472 3344 est,
489 3290 519 3335 ut
534 3300 631 3351 quon
658 3286 759 3337 Colles.
781 3289 811 3335 ot
828 3283 976 3336 Heumann.
999 3283 1118 3338 Nolterui
1138 3287 1203 3337 Les.

85 3373 114 3406 sn
129 3354 251 3407 amiate
265 3352 378 3404 aosiom
391 3352 631 3422 mutationibusque
657 3352 801 3407 antibarb.
817 3368 843 3419 p·
857 3356 915 3406 14⁸.
924 3371 964 3420 sq.
985 3354 1018 3404 In
1032 3354 1098 3406 Cod.
1111 3354 1144 3406 P.
1161 3362 1204 3408 oss

85 3424 155 3477 eseli
175 3423 243 3476 niisii
259 3423 376 3485 intersit,
400 3424 448 3491 qui
471 3420 632 3507 venturapui
654 3419 898 3493 promunturiis3
924 3420 951 3475 in
971 3422 1036 3474 eoo.
1052 3424 1082 3474 L
1104 3438 1203 3490 epro-

86 3494 176 3556 inier,
198 3510 267 3562 prono
291 3499 431 3559 tenpestas
450 3492 545 3562 ulique
568 3500 631 3555 sst,·
657 3490 946 3548 aaacsorttfflou.
972 3491 1001 3542 8.
1025 3492 1106 3546 ltsbet
1126 3493 1202 3560 iajls-

86 3568 242 3634 (asaron
263 3580 351 3614 soron
370 3561 399 3612 in
417 3562 547 3631 proximis
565 3562 631 3616 loeis
657 3563 771 3617 uram.
795 3564 858 3614 Mos
883 3575 931 3627 pro
950 3560 1069 3613 sentiant
1083 3568 1125 3616 est
1142 3579 1202 3614 sss-

86 3643 180 3688 tostae
206 3632 436 3685 dissimilitudines
456 3649 535 3701 saepe
559 3641 630 3696 ssent,
657 3636 727 3687 tisnt
748 3630 776 3686 in
791 3630 874 3684 Codd.
893 3632 925 3681 ll.
944 3629 990 3682 Cr.
1007 3632 1075 3684 hb.
1089 3649 1114 3684 c.
1132 3632 1201 3685 ΕΜ.

85 3713 116 3757 rot
134 3704 191 3756 ulio
205 3701 322 3764 hosii,
343 3702 400 3754 olio
415 3703 513 3756 Rornae
527 3703 631 3757 aanor
658 3706 722 3756 Aoo.
738 3710 763 3756 l·
778 3710 803 3756 2.
822 3703 897 3754 Crat·
913 3702 1004 3752 norw.
1025 3701 1202 3768 sonorem.

85 3791 165 3842 saepe
176 3780 378 3840 tenpestasr
392 3773 631 3841 qaouqstaaot·
658 3773 734 3829 Quod
744 3768 810 3824 iorri
819 3777 916 3838 posset,
929 3770 951 3823 si
963 3770 1069 3824 sbesset
1079 3779 1204 3839 serpant

83 3851 163 3927 pant,
183 3843 295 3895 noriam
317 3842 542 3903 animadvertent,
555 3860 631 3911 peon
658 3848 790 3895 sntoosor
810 3840 996 3893 subaudiretur
1010 3842 1204 3907 turo.Pergunt

85 3932 113 3966 ss
125 3912 270 3981 flectendis
289 3913 477 3980 promontoriis
496 3921 633 3965 oentorsss
659 3911 790 3965 codd.U.
801 3911 833 3960 ll.
849 3911 898 3960 Ed.
912 3913 972 3963 Aoo.
988 3917 1013 3964 1.
1031 3910 1099 3963 Hoe
1114 3910 1205 3981 igitur

84 3982 246 4036 anatona
275 3984 401 4034 nsanos
428 4000 507 4051 saepe
529 3983 632 4035 sesti-
658 3997 706 4048 pro
718 3979 1014 4048 Haoeigitursrnsle.
1030 3982 1203 4036 olorense.

85 4055 182 4137 ants)
207 4053 290 4106 sarr
312 4051 400 4122 igitur
422 4070 500 4122 prosas
519 4052 556 4104 sit
578 4060 632 4105 tsss
654 4048 902 4120 porturdotiooneli
915 4055 976 4111 est,
993 4067 1030 4103 se
1044 4056 1096 4103 ele.
1112 4053 1167 4105 Mr.

86 4131 234 4184 serenitas,
269 4129 326 4175 turn
357 4122 525 4189 perturbatio
551 4121 632 4177 onelir
693 4118 833 4172 Pertinere
851 4134 903 4170 non
931 4117 1036 4183 disere,
1059 4123 1129 4190 quod
1150 4136 1201 4176 non

85 4202 159 4248 estse
170 4210 295 4247 samson
317 4192 449 4246 dominon
465 4198 520 4246 etc.
542 4194 596 4246 Mr.
658 4196 731 4244 sorte
742 4188 874 4259 pertinet]
887 4188 950 4252 ling.
962 4194 990 4242 et
1010 4191 1200 4247 contendent
