2892 4842
507 280 615 333 HBBB
632 278 733 341 11,οα
839 288 843 305 '
1146 277 1207 340 541

76 455 215 535 dm,
257 472 299 519 ex
330 451 480 540 quodam
517 472 642 544 genere
683 449 889 517 somniorum
933 447 1076 541 intelligi
1107 472 1207 540 pesse

78 553 219 619 dicunt
263 549 464 621 Thesaurus
501 572 601 630 vero,
641 559 677 615 et
713 545 908 631 hereditas,
940 555 976 612 et
1014 546 1143 635 honos,
1173 562 1208 617 et

55 650 244 733 rictoria,
276 661 312 716 et
340 651 447 717 multa
479 650 613 740 generis
644 645 813 730 eiusdem,
861 668 930 734 qua
962 667 1041 713 cum
1073 649 1207 715 somniis

79 748 236 816 naturali
261 750 462 839 cognatione
492 743 700 838 iunguntur?
741 743 872 811 Dicitur
898 745 1047 832 qnidam,
1072 765 1150 813 cum
1174 747 1265 814 utro.

81 847 217 919 somnis
242 847 423 936 complexu
444 846 594 914 'Venerio
626 844 843 935 iungeretur,
879 843 1028 910 calculos
1061 845 1207 913 eiecisse.

82 943 205 1012 Video
230 945 483 1034 sympathiam:
514 945 622 1011 visum
648 955 700 1009 est
724 940 812 1008 enim
837 942 906 1009 tale
931 941 1101 1008 obiectum
1126 941 1209 1010 dor·

81 1043 220 1125 mieoti,
243 1053 280 1109 ut
304 1041 351 1128 id,
376 1042 470 1132 quod
494 1045 616 1128 evenit,
639 1052 778 1108 naturae
802 1040 862 1125 ris,
886 1061 951 1107 nou
975 1039 1090 1129 opinio
1113 1063 1209 1108 erro-

84 1143 139 1209 ris
165 1139 327 1208 effecerit.
378 1141 476 1224 Quae
500 1142 606 1232 igitur
636 1151 755 1206 natura
792 1138 916 1205 obtulit
941 1138 1033 1205 illam
1059 1140 1208 1228 speciem
1222 1164 1298 1226 nna

84 1238 268 1322 Simonidi,
301 1261 413 1327 aqua
446 1250 616 1308 vetaretur
649 1233 844 1328 navigarel·
871 1249 929 1304 aut
964 1236 1047 1325 quid
1071 1248 1210 1305 naturae

85 1337 291 1427 copulatum
316 1337 436 1406 habuit
462 1336 666 1422 Alcibiadis,
697 1335 792 1425 quod
824 1336 991 1418 scribitur,
1019 1333 1210 1404 somnium?

86 1501 153 1552 aloru
173 1498 254 1552 verba
267 1501 343 1568 pleni
358 1502 476 1554 enectine
492 1499 559 1553 satis
576 1496 640 1553 con·
704 1496 784 1550 Video
798 1498 1006 1567 tynpntlsinrns]
1032 1497 1066 1551 Iu
1086 1498 1152 1553 Cotl.
1166 1500 1212 1553 Cr.

84 1584 205 1636 coquere
223 1569 327 1634 possim,
342 1571 641 1640 saepiussobiitlogen·
666 1575 729 1634 post
749 1568 827 1621 Video
856 1577 897 1621 est
922 1570 1033 1630 lacuna,
1059 1572 1213 1624 consulet

86 1642 155 1692 dum
183 1639 368 1705 splenetieine,
393 1657 485 1701 worn,
509 1646 538 1693 ut
566 1646 640 1705 puto,
665 1636 794 1702 scriptore
811 1637 915 1700 relicta
931 1636 975 1706 qui
993 1652 1082 1691 vocem
1100 1655 1212 1707 ”queu-

85 1717 149 1762 tam
166 1715 269 1774 aperto,
292 1726 369 1776 quam
389 1709 535 1776 probabili,
550 1716 641 1774 ,atque
665 1713 730 1766 tem,
747 1707 856 1760 Graecia
883 1707 995 1760 tortasse
1014 1708 1099 1762 literis
1118 1724 1211 1762 exara-

87 1776 217 1831 lectienis
233 1777 354 1839 vestigiis
371 1779 496 1832 facillime
509 1793 566 1831 sess
580 1776 641 1829 buic
665 1782 731 1838 tam,
748 1777 837 1840 legere
849 1791 900 1829 non
914 1782 1027 1842 poterat.
1054 1778 1148 1844 Supra,
1167 1779 1211 1833 nbi

87 1846 234 1901 mutationi
260 1848 490 1901 commodantibus.
525 1849 600 1901 Quot
617 1846 640 1899 si
666 1844 776 1898 Graecis
801 1845 887 1899 literis
913 1845 1028 1898 describi
1055 1863 1112 1900 earn
1135 1847 1213 1902 iussi-

86 1916 152 1986 qois
170 1915 257 1981 potius
275 1918 384 1984 spleniei
399 1917 476 1982 velit,
491 1919 560 1984 quod
571 1919 641 1968 llar-
666 1929 732 1977 mus,
756 1913 783 1967 io
806 1916 897 1967 mem
924 1916 992 1967 Coo.
1017 1916 1106 1968 latinis
1127 1918 1213 1970 literis

87 1986 189 2039 doinus
207 1983 233 2036 in
252 1984 340 2038 Plinio
356 2004 459 2055 semper
474 1986 563 2047 dedit,
588 2000 641 2037 uon
666 1984 792 2049 scripturn
825 1993 869 2036 est
900 1984 1077 2052 synpotltiun.
1104 1987 1159 2039 Mr.
1180 2017 1212 2025 -

88 2055 274 2123 pugnaverim.
299 2058 366 2106 Nam
383 2074 415 2110 ea
433 2074 499 2120 vox,
517 2055 641 2123 quemad·
671 2053 752 2105 Video
776 2054 949 2123 sympathiam
975 2060 1017 2106 est
1041 2053 1060 2106 i.
1074 2070 1100 2120 q.
1123 2055 1214 2119 video,

88 2126 196 2177 modurn
212 2122 240 2176 iu
259 2123 378 2190 pluribus
393 2126 476 2180 Plinii
487 2128 574 2188 Mna,
588 2140 643 2175 mu·
668 2139 724 2176 earn
739 2139 823 2177 rema
837 2122 913 2178 vobin
923 2122 976 2176 tlici
988 2123 1168 2188 sympathiam.
1177 2125 1212 2175 K.

91 2193 149 2246 tari
175 2193 209 2246 ab
234 2192 294 2244 aliis
329 2196 416 2259 potuit
437 2197 465 2248 iu
489 2194 642 2262 splenetici3
708 2192 797 2244 lirum
809 2195 877 2245 enirn
891 2200 931 2244 est
946 2195 1000 2245 tole
1015 2192 1212 2315 obiectantem

91 2280 109 2315 e
128 2279 179 2329 qno
205 2264 293 2328 lapsos
317 2262 422 2316 facilior
446 2265 499 2317 fuit
522 2265 549 2318 in
571 2264 644 2332 pleni
669 2262 987 2326 ‚flocdicibaitHotta
1006 2261 1165 2314 Somniomis

91 2333 209 2386 enectae
229 2332 330 2383 Censor
338 2334 395 2385 eius
408 2334 539 2387 Editiouis
547 2338 643 2387 leuen·
669 2336 725 2386 tale
748 2331 839 2395 fuisse,
863 2338 892 2384 ut
914 2331 957 2384 illi
979 2330 1108 2384 naturalis
1127 2333 1212 2384 iuter-

90 2403 132 2456 sis
145 2406 221 2454 1794.
232 2408 291 2454 art.
313 2417 341 2466 p.
353 2410 413 2456 tou.
438 2403 487 2466 ait,
505 2404 539 2458 ad
560 2405 643 2459 libro·
667 2400 778 2454 emerit
785 2399 934 2454 coniunctio
948 2416 1006 2452 cum
1019 2416 1058 2461 eo,
1076 2402 1214 2468 numere·

92 2488 152 2524 rum
172 2469 340 2536 scriptionem
358 2474 440 2546 magis
457 2473 537 2526 etiarn
555 2490 644 2527 acces-
669 2471 723 2523 uit:
744 2486 782 2523 sc.
801 2469 1009 2524 bominemillum
1024 2472 1078 2523 tale
1090 2469 1213 2524 somnium

91 2554 181 2594 suram
201 2541 346 2606 lectionem,
364 2542 387 2593 si
405 2543 537 2607 corrigas:
563 2545 643 2611 sple—
669 2539 801 2604 babuisse,
819 2541 879 2608 quia
894 2542 1010 2594 calculos
1027 2539 1145 2601 eiecerit,
1162 2556 1214 2595 nou

91 2608 200 2662 rsetioi
218 2627 279 2661 neo
295 2628 333 2663 no
351 2613 443 2665 simus.
471 2611 580 2667 llathius
602 2612 642 2663 iu·
668 2612 783 2663 calculos
801 2609 921 2673 eiecisse,
938 2608 1000 2689 quia
1017 2612 1072 2663 tale
1089 2609 1214 2662 somnium

93 2678 227 2744 geniorum
245 2679 285 2732 ait
301 2699 359 2733 ase
376 2683 529 2749 Hottiogeri
555 2682 641 2735 conie-
669 2679 799 2733 habuerit·
819 2683 907 2735 Quare
922 2678 1057 2733 Ciceronis
1075 2682 1156 2733 verba
1175 2677 1214 2732 ita

93 2757 215 2809 oturam;
238 2759 267 2800 et
292 2752 358 2805 bane
383 2752 447 2804 Arcti
465 2756 589 2816 vulgatae
604 2756 643 2804 le·
670 2750 797 2801 ridentur
820 2750 981 2815 supplenda:
1018 2750 1119 2811 lirum,
1144 2751 1215 2819 quorl

94 2816 398 2885 ctionisexplieatiouem
406 2822 560 2890 adscripsit:
572 2822 642 2886 ,‚i.e.
670 2820 813 2872 dormienti
825 2820 886 2886 suit
899 2820 1033 2881 obiectam,
1053 2824 1106 2874 tole
1120 2828 1168 2881 ert,
1183 2828 1214 2873 nt

96 2888 200 2940 onerati
218 2890 366 2943 humoribus
384 2893 531 2958 superfluis,
546 2895 644 2946 exbau-
670 2891 831 2952 clarentii,
849 2891 886 2952 id,
901 2890 970 2959 quod
985 2890 1080 2951 euenit,
1100 2898 1215 2943 noturus

95 2957 167 3010 stine
185 2965 213 3009 et
231 2960 287 3010 fere
306 2963 434 3013 consumti
454 2961 566 3013 humoris
588 2963 643 3014 iuo-
670 2961 731 3020 vim,
740 2976 790 3012 nen
802 2959 934 3028 opinionis
946 2977 1061 3013 errorem
1071 2961 1216 3027 effecisse!

95 3028 169 3094 pia-‘⁶
193 3029 248 3091 ugo
265 3044 323 3079 cum
347 3032 407 3080 Scb.
432 3030 458 3081 in
477 3033 584 3095 uulgata
599 3048 644 3084 ac·
671 3029 1215 3097 BeneerplicuvitbreviloquentiamHot·

96 3095 210 3163 quiesco,
235 3102 373 3165 statuoque
398 3100 483 3150 enecti
501 3117 557 3153 osse
580 3100 599 3152 i.
615 3118 642 3167 q.
669 3100 802 3161 tingeros:
829 3115 898 3161 nam,
915 3100 983 3166 quod
1006 3099 1080 3158 dicit,
1098 3100 1136 3151 ita
1154 3116 1214 3167 sup·

95 3166 238 3226 macilenti,
254 3167 323 3232 quoti
342 3184 375 3218 ox
392 3168 555 3234 oppositione
565 3169 643 3222 facile
670 3169 767 3235 plenia
794 3167 880 3221 videri
904 3173 985 3222 rerba
1003 3168 1147 3229 Ciceronis,
1164 3185 1216 3221 nou

98 3241 221 3301 apparet.
257 3237 314 3287 Nec
334 3235 396 3288 libri
415 3237 554 3305 quidquam
571 3239 643 3293 vari-
670 3240 708 3290 ita
727 3237 926 3310 intelligendum
945 3243 996 3298 est,
1019 3238 1091 3303 quasi
1111 3238 1148 3290 ita
1163 3239 1216 3303 legi

97 3309 154 3366 ant,
172 3302 222 3355 nisi
238 3304 307 3370 quorl
326 3304 353 3357 iu
380 3306 445 3371 eor,
464 3309 496 3358 tt.
512 3315 553 3361 est
569 3308 643 3376 piem
668 3307 799 3362 voluerit:
818 3323 900 3374 quare
918 3306 1009 3359 omitto
1026 3307 1105 3359 etiam
1125 3308 1217 3360 doetr—

97 3371 192 3424 neeti
209 3374 387 3426 nescimus:
405 3375 432 3429 iu
446 3377 512 3429 Cotl.
531 3380 559 3429 S.
569 3381 644 3446 pleni
669 3376 767 3429 sionem
785 3375 846 3436 loci,
863 3392 938 3442 quarn
952 3381 1043 3428 contra
1057 3376 1217 3441 Hottingeri,

97 3442 286 3497 eoeteetr'ee
305 3444 396 3496 ninus.
414 3447 469 3498 Mr.
669 3462 744 3514 quam
761 3443 942 3507 existimabat,
959 3446 1166 3499 emendationem
1181 3448 1216 3500 erl

132 3511 295 3581 Exponam
303 3516 413 3583 genere]
430 3517 528 3569 Eadem
542 3520 644 3580 lacuna,
669 3532 711 3568 ure
729 3515 801 3568 misit
815 3514 857 3568 vir
872 3514 976 3582 quidam
990 3515 1090 3567 noctus
1111 3518 1163 3567 Mr.

98 3599 173 3652 quam
191 3598 249 3634 esse
267 3583 333 3638 rlicit
351 3585 378 3637 in
396 3587 497 3655 aliquot
511 3586 596 3640 eoru.
615 3593 644 3640 et
704 3594 735 3639 ot
749 3587 780 3638 id
796 3614 825 3624 -
842 3593 957 3637 noturus
973 3582 1015 3635 os's
1032 3614 1062 3623 -
1078 3586 1217 3709 effecerit}

98 3653 186 3705 ioEd·
204 3655 270 3702 Veu·
284 3656 499 3718 inlumines,
514 3657 643 3709 estetiam
670 3656 724 3709 le.
750 3662 788 3715 ιιι,
812 3655 899 3719 prouti
921 3670 968 3708 vos
991 3652 1162 3717 existimatis,
1187 3655 1196 3708 i

98 3723 124 3775 in
138 3722 207 3774 Ello.
222 3724 289 3775 Veu.
304 3731 377 3779 1494.
396 3728 460 3778 Asc.
476 3733 502 3779 ι.
521 3727 643 3779 etcorlsl.
670 3725 739 3794 quorl
755 3722 856 3783 evenit,
873 3723 967 3777 uatnri
985 3722 1148 3777 coniunctum
1159 3726 1217 3779 toe-

98 3791 195 3844 nostris
205 3793 281 3844 U.R.
290 3797 319 3845 L.
332 3799 358 3847 b.
379 3797 431 3847 Mr.
671 3796 708 3847 rit
720 3810 779 3846 cum
800 3793 907 3845 somnio.
937 3793 981 3845 lta
997 3791 1077 3844 etiam
1095 3797 1218 3861 arlQnae

131 3879 194 3929 qna
208 3878 267 3915 eum
281 3865 399 3933 somniis]
416 3864 501 3918 Codri.
519 3865 564 3915 Cr.
575 3869 605 3916 t.
619 3881 644 3916 a.
670 3866 760 3932 igitur
796 3871 896 3914 notura
935 3861 1141 3917 subandiendum
1176 3871 1218 3919 est

99 3930 130 3981 P.
142 3932 170 3981 S.
194 3948 262 3998 quoa
284 3950 331 4000 pre
357 3952 420 4002 qun.
456 3937 491 3985 Et
512 3935 550 3986 sic
575 3934 644 3986 unu.
670 3937 763 3987 oestro
786 3933 889 4001 nitidem
912 3931 1062 3994 sententio,
1084 3935 1168 4002 quorl,
1189 3936 1216 3989 iu

98 4000 173 4052 Crat.
183 4008 212 4052 et
224 4003 317 4053 Hero.
336 4006 382 4056 sed
401 4004 508 4056 eaedem
524 4003 551 4056 in
561 4019 644 4068 marg.
672 4019 790 4057 sermone
808 4005 896 4068 paullo
910 4001 1074 4053 commotiore
1089 4004 1218 4068 omiisum,

98 4084 276 4138 quaeeunque.
290 4072 645 4142 Inseqq.Erlrl.Car.Stepb.
673 4089 737 4126 sono
754 4073 925 4139 supplendum
943 4079 993 4123 est.
1011 4070 1048 4121 Is.

98 4140 194 4191 Sturm.
208 4142 273 4191 Ald.
282 4144 361 4194 Boul.
373 4143 463 4196 Lamb.
476 4144 557 4197 cotb.
568 4145 646 4196 urat.
706 4150 755 4194 out
769 4141 834 4209 poid
846 4148 960 4193 natusne
973 4142 1134 4211 copulatam]
1150 4143 1217 4196 Cotl.

99 4224 157 4259 oum
173 4209 201 4259 in
219 4211 364 4267 sonniie.
383 4215 436 4267 Mr.
674 4212 720 4266 Cr.
749 4218 799 4264 unt
821 4212 886 4279 qnid
917 4213 1069 4278 copulatum
1094 4220 1218 4267 nuturon
