2892 4842
323 1034 677 1110 ιιιαιιιιιιιιυιι
701 1035 832 1133 unm
857 1041 1005 1115 annu.

157 1325 329 1447 Quaestio
351 1357 393 1417 de
413 1354 533 1417 Natura
554 1357 688 1418 Deorum
719 1358 796 1420 duaa
828 1365 971 1442 tauquam
992 1360 1222 1445 'appendiculao

100 1458 201 1539 babet,
230 1464 360 1525 aiteram
387 1461 428 1523 dc
448 1460 660 1537 Divinatione,
693 1462 822 1525 alteram
856 1465 896 1528 de
916 1466 1009 1545 Fato,
1039 1471 1148 1550 quibua
1169 1473 1224 1534 ad⁴

100 1569 188 1630 lectio
210 1569 334 1629 deinum
355 1566 447 1649 plene
472 1567 678 1648 perfecteque
703 1566 894 1631 nannetum
926 1573 956 1632 ei
984 1578 1154 1654 quaestioni
1178 1579 1224 1639 vi⁴

98 1674 199 1735 detur.
223 1673 275 1757 (L
287 1672 323 1734 lt
342 1672 425 1756 cl.)
446 1672 554 1752 ltaque
570 1672 682 1735 Cicero
701 1692 779 1750 eam,
801 1694 880 1754 quae
900 1682 948 1738 eat
968 1678 1008 1740 de
1020 1681 1223 1760 Divinatione,

19 1852 23 1865 ¹
97 1781 216 1843 duobua
240 1779 327 1841 libria
353 1760 451 1859 plene
472 1784 679 1858 accurateque
713 1783 927 1859 pertractavit.
968 1783 1001 1845 ln
1023 1786 1122 1864 pruno
1143 1788 1223 1849 libro

96 1887 258 1948 inducitur
289 1885 325 1962 Q.
346 1884 460 1947 Frater
481 1901 570 1944 omne
596 1883 792 1947 divinationis
808 1905 906 1966 genua
920 1888 1092 1953 defendena
1114 1893 1225 1954 cStol-

97 2011 203 2054 curum
224 1988 400 2071 disciplina,
423 1989 505 2070 quod
526 1988 573 2048 ilii
593 1989 757 2051 ridebatur
777 1991 954 2054 eontiadme
967 1998 1139 2059 sententiaa
1153 2016 1224 2060 anae

95 2096 402 2180 prudentiaaimequc
434 2093 844 2160 detendere.tt.72.1tno
871 2117 946 2180 crgo
967 2100 1045 2162 facit
1067 2077 1225 2165 div'inundt

93 2222 221 2284 genera,
246 2218 343 2264 unum
363 2199 574 2273 artliicioaum,
594 2198 727 2261 alterum
748 2203 906 2264 naturale:
932 2205 1133 2293 potificioaum
1154 2224 1225 2287 ραι·

93 2310 148 2370 titn
169 2315 322 2371 constare
344 2325 383 2368 ex
403 2304 592 2382 coniectura,
625 2306 738 2385 partim
760 2326 799 2368 ex
830 2309 1043 2370 obaervatione
1064 2310 1225 2373 dinturnat

93 2416 249 2492 uatunle,
281 2412 365 2494 qnod
396 2411 514 2472 animno
548 2411 687 2491 arripiat,
720 2418 774 2471 aut
808 2412 942 2491 excipiat
973 2414 1165 2475 extrincecus
1186 2432 1226 2477 er

93 2521 274 2597 divinitate,
302 2517 386 2579 unde
414 2534 519 2577 omnea
549 2516 678 2579 laauatoa
711 2516 828 2578 animoa
857 2516 1030 2597 libatosque
1049 2519 1225 2584 habeamur.

91 2627 296 2688 Artificioaae
318 2621 514 2684 divinationia
535 2622 614 2683 baec
635 2638 752 2703 genera
772 2622 869 2701 ponit,
888 2624 1080 2703 extispicum,
1104 2640 1226 2688 ecrutu

93 2751 163 2812 que,
185 2732 243 2812 qui
269 2727 481 2810 eiulgnrlbua
504 2728 646 2807 omnique
676 2734 868 2790 ostentorum
892 2747 1012 2809 genere
1033 2732 1225 2811 praedicant,

89 2847 156 2899 tuna
174 2854 335 2919 augurum
358 2851 535 2913 eorumque,
557 2832 611 2912 qni
631 2832 726 2913 signia
748 2840 782 2895 et
802 2834 952 2897 ominibus
968 2841 1104 2913 utuntur,
1122 2857 1226 2900 omine

91 2961 151 3023 quc
172 2960 282 3024 genua
303 2935 514 3002 coniecturale
536 2936 569 2997 iu
589 2936 650 3000 hoc
672 2937 742 2999 iere
764 2957 881 3019 genere
899 2941 995 3020 ponit
1024 2941 1105 3003 illud
1121 2951 1226 3007 autam

88 3047 239 3109 naturale
275 3052 328 3107 aut
355 3044 562 3108 concitatione
591 3042 703 3104 mentia
736 3044 787 3104 edi
814 3051 847 3106 et
868 3046 954 3125 qnaai
980 3045 1225 3128 nativitem,

88 3170 160 3215 curn
181 3152 333 3215 homines
353 3169 411 3231 per
431 3148 570 3213 furorem
590 3148 807 3225 vaticinantur,
829 3157 884 3212 aut
904 3149 1004 3212 animo
1016 3170 1075 3231 per
1088 3171 1226 3215 aomunm

87 3246 236 3333 aenaibpa
261 3264 298 3320 et
319 3256 402 3316 curia
422 3273 520 3315 vacuo
538 3253 730 3334 providetur.
769 3253 803 3315 la
823 3254 952 3335 aiugrdia
978 3263 1082 3318 antem
1102 3260 1226 3338 generi·
1357 3336 1361 3345 ‚

87 3364 142 3426 bna
165 3385 235 3426 non
258 3370 325 3424 um
346 3360 525 3436 udonibus,
559 3377 649 3439 quam
681 3378 792 3439 magna
817 3359 1025 3440 exemplorum
1057 3364 1145 3443 copia
1164 3366 1226 3428 uti⁴
1277 3368 1295 3443 κΧ

88 3476 149 3548 ιιι,
173 3489 255 3532 cum
279 3473 488 3544 externorum,
508 3472 575 3526 tuan
594 3465 819 3529 Romanorum
849 3465 957 3545 quibua
979 3467 1040 3529 hoc
1062 3468 1146 3530 effici
1169 3489 1226 3551 pu·

85 3585 142 3653 ιιι,
165 3584 217 3653 ut,
243 3590 430 3656 quamquam
450 3589 558 3633 eorum
578 3589 689 3632 caueae
710 3568 818 3633 afferri
838 3569 1094 3652 unllae'poaaunt‚
1113 3580 1226 3653 umen,

87 3682 241 3760 quoniam
268 3677 451 3755 acciderint,
473 3677 514 3738 de
535 3675 630 3757 ipaiua
650 3674 698 3735 rei
725 3675 860 3736 veritate
882 3676 1018 3738 dubitari
1038 3696 1099 3741 non
1119 3681 1227 3760 poaait.

85 3787 177 3864 Quod
212 3787 246 3849 ai
271 3783 422 3864 quaedam
443 3779 521 3844 ialaa
542 3776 620 3858 aiut,
646 3780 797 3860 quaedam
827 3799 888 3842 non
915 3781 969 3857 ita,
1000 3784 1047 3844 nti
1066 3787 1228 3866 praedicta

3 3914 9 3953 ·.
85 3891 157 3969 aiut,
184 3889 362 3964 eveniaut3
382 3895 487 3950 tamen
507 3906 569 3948 nou
589 3906 661 3950 eoae
689 3895 857 3968 propterea
878 3887 1095 3951 divinationem
1115 3892 1228 3954 tollen·
1351 3910 1353 3915 ·

7 4044 11 4053 .
84 3997 176 4059 dam:
210 3996 306 4077 quod
339 3992 602 4075 quemadmodum,
637 3998 673 4054 ut
699 3993 865 4074 Cratippus
900 3994 1113 4071 concludebat,
1145 3996 1228 4059 ocull

6 4132 10 4141 ·
85 4104 210 4185 poesim
235 4101 409 4181 aliquando
435 4119 497 4163 non
518 4098 606 4180 fungi
633 4114 861 4176 edomuere,
899 4118 999 4180 neque
1032 4107 1135 4162 tamen
1157 4119 1229 4182 pru·

85 4214 202 4289 pterea
225 4228 298 4273 uon
316 4206 359 4270 alt
378 4224 452 4272 naua
473 4204 651 4279 oculorum
676 4205 735 4267 aed
760 4205 813 4286 qui
833 4204 884 4266 vel
905 4204 1002 4269 aemel
1027 4207 1071 4269 ita
1092 4208 1134 4269 ait
1155 4222 1229 4269 uano

866 4309 883 4362 1
