2892 4842
531 297 638 352 nasso
656 298 697 363 11,
713 305 758 354 so.
1143 301 1208 364 sur,

87 496 132 543 eo
156 470 336 560 Crassum,
367 480 507 541 unumst
539 495 583 541 ne
612 472 699 541 iret:
738 493 804 539 non
829 471 931 540 fuisse
955 441 1205 563 periturum,si

85 572 192 641 omini
215 572 390 663 primisset
452 570 550 655 Quae
588 571 615 637 ei
658 571 896 660 suscipiamus,
930 570 1029 662 pedis
1064 570 1207 639 offensio

84 672 184 740 nobis
209 679 244 738 et
268 669 425 761 abruptio
442 670 625 762 merigiue
642 680 678 738 et
698 679 959 737 sternutamenta
973 645 1205 738 ernusobser-

706 743 980 776 W·-

86 833 215 887 Novimus
243 841 339 894 sutem,
361 831 512 887 Latinorum
530 851 567 886 au
580 849 632 887 uon
658 830 863 900 explicantibus,
887 833 922 887 de
934 831 1065 886 industris
1084 848 1205 899 suppres-

85 903 206 970 potuisse
237 920 252 954 o
276 900 388 956 subinde
416 910 478 955 aute
504 919 633 956 consonas
658 918 714 955 sum
730 902 1205 971 ilrisse.1taqnetantusnabest,ut

85 973 200 1040 professi
215 980 270 1025 tum
286 971 358 1037 apud
375 972 632 1041 Latinos,tumapud
658 971 701 1024 hie
715 974 786 1024 loeus
802 990 838 1024 eru
856 975 1017 1027 Graecorum
1043 977 1093 1034 ase,
1115 978 1146 1024 ut
1167 989 1204 1024 ass

86 1045 181 1096 Gallos
191 1059 268 1104 nuuc,
288 1039 340 1093 uisi
356 1042 472 1096 sonuerit
487 1061 533 1106 aa,
548 1059 633 1111 neque
658 1040 775 1094 sonuisse
790 1047 928 1095 testetm“
942 1050 995 1097 etc.
1019 1043 1116 1096 Contrs
1138 1044 1207 1096 banc

85 1112 205 1179 potuisse
228 1129 247 1163 u
270 1111 297 1163 in
313 1127 350 1162 aa
371 1113 501 1165 cumbet
519 1115 547 1175 F,
564 1113 632 1182 quod
659 1110 800 1175 Seyfferthi
808 1112 966 1165 seutentiam
973 1111 1120 1179 nuperrime
1127 1118 1204 1164 acute

86 1181 193 1235 Claudii
209 1189 327 1246 tempore
345 1182 453 1242 accidit,
471 1189 534 1236 aute
554 1198 631 1238 vuca-
659 1179 808 1246 disputavit
821 1182 849 1232 S·
865 1185 900 1234 Ν.
916 1182 940 1232 1.
953 1183 1077 1235 Btoebius
1093 1181 1120 1234 iu
1135 1181 1204 1234 libro

86 1254 127 1304 les
141 1248 245 1313 mutari,
261 1248 312 1301 nisi
327 1253 445 1305 sonuerit
459 1251 512 1305 illis
527 1252 553 1305 iu
566 1250 632 1305 locis
659 1249 703 1317 qui
715 1247 869 1302 inscribitur
885 1251 1011 1304 Revision
1028 1253 1076 1304 der
1088 1269 1139 1326 oon
1153 1252 1205 1303 den

84 1340 120 1382 su,
139 1338 173 1372 ex
184 1336 235 1388 quo
245 1322 347 1371 'clarum
362 1329 413 1384 est,
432 1339 554 1374 cozan
567 1330 630 1375 ante
658 1335 758 1370 neuern
774 1319 917 1372 deussene:
935 1321 1091 1391 Pbiiologen
1107 1323 1205 1390 ausge-

83 1392 630 1454 cousoussau,antevocalesawvoluisse.
658 1391 764 1442 stellten
786 1389 872 1441 inbre
893 1408 945 1442 oon
964 1394 1013 1444 dar
1036 1391 1205 1458 Aussprasbe

85 1460 164 1515 Quod
177 1458 199 1511 si
219 1458 289 1511 enim
302 1460 457 1513 Graecorum
475 1479 510 1511 eru
529 1461 632 1514 sonnis-
658 1459 704 1511 des
719 1459 958 1526 Atrgrtssuustes.
970 1463 1076 1532 (Alton.
1095 1468 1123 1513 et
1133 1460 1204 1527 Lips.

85 1538 129 1583 set
148 1546 194 1593 aa,
207 1527 360 1583 debuissent
371 1538 399 1583 et
415 1528 564 1597 potuissent
578 1550 631 1583 uon
661 1534 737 1582 182⁶.
746 1528 788 1595 8.)
801 1536 922 1594 pnm-
931 1536 991 1587 tib.
1003 1531 1047 1584 ubi
1056 1533 1142 1594 docet,
1153 1546 1204 1582 non

85 1615 135 1668 pro
152 1617 189 1650 au
205 1600 337 1661 seribere3
356 1600 395 1652 siu
412 1605 564 1653 constanter
581 1619 631 1664 ars,
658 1597 776 1648 cirinen:
791 1614 848 1650 esse
863 1600 1061 1666 enunciandam,
1072 1602 1119 1653 sed
1135 1617 1205 1653 eare-

85 1685 138 1722 non
155 1668 260 1721 dubium
273 1674 325 1730 est,
337 1668 399 1736 quin
414 1669 509 1721 Graeci
527 1672 568 1737 αβ
583 1675 631 1752 pro
657 1683 731 1718 neas.
753 1667 807 1719 Mr.

84 1757 123 1791 au
138 1745 202 1791 ante
217 1741 331 1801 vocales,
351 1756 409 1792 cum
428 1738 543 1791 iecerint
557 1742 632 1803 altas,
693 1744 808 1800 caveret,
821 1755 854 1791 ns
867 1738 938 1807 iret]
967 1740 1052 1794 Codd.
1068 1741 1107 1792 Μ.
1125 1747 1153 1792 et
1170 1740 1203 1791 R.

85 1807 255 1862 oneraverint
280 1808 632 1876 (e.g.Bch'p'or:Varro‚
658 1823 751 1858 cavere
778 1823 827 1873 pro
851 1815 966 1861 caueret.
997 1813 1061 1863 Tum
1087 1810 1152 1863 Cod.
1171 1810 1202 1860 n.

84 1877 229 1944 Βιργίλιος
243 1898 277 1927 z
292 1878 440 1948 Virgilius:
462 1879 524 1929 coll.
539 1879 631 1945 Βαλή-
658 1875 759 1929 omittit
778 1894 847 1930 non:
869 1879 1019 1947 pergitque:
1041 1882 1202 1948 perituram.

83 1942 392 2015 ριοςῑθύαλήριοςῑ
407 1946 537 2012 Valerius,
560 1945 632 2000 Ou'a'·
657 1946 712 1997 nte
732 1948 834 1999 omnis
849 1948 1046 2016 offensionobis
1072 1958 1098 2002 et
1122 1950 1200 2002 abru-

83 2017 181 2085 lut:
198 2015 311 2078 Valens,
340 2019 473 2070 ΙἙΛΙΑ
491 2038 525 2067 =
550 2018 632 2080 Velia,
653 2013 714 2083 ptio
730 2023 757 2067 et
770 2023 989 2071 stemutamenta.
1021 2021 1075 2072 Pro
1094 2019 1203 2089 offensio

84 2085 532 2156 Aeovu'norzlasim'um[sueb.]
541 2087 630 2155 Σεβῆ-
658 2085 724 2138 cod.
735 2088 765 2136 b·
775 2086 801 2137 b.
816 2088 896 2140 babet
907 2086 1030 2153 ostensio,
1045 2097 1073 2142 et
1084 2090 1111 2142 in
1120 2105 1203 2153 marg.

82 2157 304 2223 (roez-Seuerus,
312 2158 377 2225 rel.)
391 2158 478 2209 Adest
486 2171 550 2208 vero
559 2158 631 2210 locus
657 2154 782 2206 obtentio.
801 2157 832 2208 in
846 2158 947 2210 Cods.
962 2158 1097 2212 scribitur:
1112 2162 1137 2212 si
1151 2159 1203 2210 bo-
1311 2195 1314 2200 «

84 2223 222 2279 Ciceronis
245 2224 444 2281 vexatissimus:
470 2226 567 2290 Quum,
590 2225 631 2279 in·
656 2224 736 2275 mini
752 2226 905 2290 paruisset:
926 2228 994 2293 quod
1008 2235 1098 2297 potest
1116 2227 1203 2281 videri

84 2294 153 2364 quit,
178 2295 215 2346 Μ.
234 2297 347 2348 Crassus
365 2327 393 2336 -
411 2296 563 2347 Cauneas
577 2299 629 2348 cla·
656 2294 915 2348 maenomenon.
937 2297 991 2348 bir.

83 2362 191 2417 mitaoit
203 2371 254 2418 ets.
273 2364 329 2418 Cic.
345 2365 378 2417 de
394 2364 483 2419 Diviu.
496 2364 573 2416 tull.
585 2372 629 2419 db.
696 2363 825 2430 Abruptis
833 2365 969 2435 corrigiae
976 2374 1002 2419 st
1009 2371 1201 2435 sternumenta]

85 2436 303 2490 Bustricius.
312 2434 351 2485 11.
360 2442 419 2488 uss.
445 2438 574 2488 Wetstsu.
586 2443 629 2488 92.
658 2433 745 2496 Vulgo
752 2439 1031 2490 sternutamentassed
1040 2438 1203 2490 Parinster-

83 2504 208 2557 Placent.
222 2511 266 2559 2³.
290 2504 391 2557 Velasti
413 2503 500 2573 [Diss-
514 2505 548 2558 ds
565 2504 630 2556 Litt.
656 2509 791 2564 numento,
804 2506 870 2572 quod
891 2508 1006 2572 probum.
1027 2507 1149 2576 Agellius
1167 2510 1203 2559 N.

84 2577 195 2627 Graece.
206 2579 327 2640 presunt.
336 2576 527 2640 Rouession]
535 2590 561 2641 ρ.
570 2580 629 2628 106.
658 2573 692 2623 Α.
711 2585 766 2635 arr,
789 2581 814 2626 b.
848 2575 902 2626 Cur
927 2576 1114 2630 sternumentis
1136 2595 1203 2646 qaa-

83 2642 254 2709 Neidlinger.
265 2645 412 2710 sosuvse
422 2645 524 2710 Cratyl.
534 2661 562 2711 ρ.
572 2642 630 2709 ol.)
657 2642 754 2694 tiator.
765 2642 869 2697 Plinius
887 2644 932 2696 lib.
952 2646 992 2698 11.
1009 2649 1033 2712 i.
1044 2662 1072 2698 v.
1086 2663 1147 2714 pag·
1158 2653 1202 2703 tt.

84 2716 145 2768 Quo
168 2729 201 2764 ex
224 2716 291 2776 loco,
317 2729 374 2765 cum
396 2731 460 2767 eave
481 2730 515 2765 ne
537 2732 582 2767 eas
603 2718 632 2765 et
657 2711 689 2763 in
704 2714 833 2780 auguriis
847 2722 1025 2770 sternumenta
1046 2724 1072 2769 et
1084 2719 1206 2786 offensio·

82 2783 203 2841 καυνὲας
233 2781 301 2835 idem
335 2783 464 2837 sonuisse
485 2785 632 2843 tradantur,
657 2799 705 2834 nes
728 2784 835 2848 pactum.
862 2785 1026 2840 Obseruauit
1048 2786 1127 2841 etiam
1144 2788 1204 2840 Sal·

82 2854 250 2916 collegerunt
272 2871 308 2903 αυ
331 2854 489 2907 Grseeorum
509 2871 550 2905 au:
568 2859 631 2908 ants
657 2853 758 2904 manus
781 2857 875 2907 Exere.
897 2854 966 2907 Ptin.
989 2871 1049 2922 pag.
1067 2865 1111 2912 29.
1132 2865 1203 2912 ster-

82 2936 212 2973 eonsonas
225 2921 352 2973 sonuisse.
361 2952 396 2963 -
405 2953 434 2963 -
446 2953 477 2964 -
492 2925 545 2976 Sed
556 2922 631 2977 audis
657 2937 740 2974 unere
750 2929 778 2975 et
794 2930 999 2978 sternumentum
1014 2943 1115 2995 semper
1130 2929 1207 2997 apud

82 2989 265 3043 circulatorem
280 3001 388 3059 eumque
406 2993 563 3056 barbarum:
582 3008 632 3045 uec
657 2992 774 3045 Plinium
792 2992 821 3045 in
841 2995 967 3063 scriptis:
978 3012 1029 3063 pro
1043 2997 1137 3064 quibus
1146 3000 1204 3052 ubi-

83 3058 187 3120 dabito,
201 3060 263 3126 quin
278 3060 412 3114 Crassiani
428 3060 526 3115 milites
543 3065 631 3130 paullo
656 3078 706 3128 pue
720 3068 872 3116 sternutare
888 3072 913 3116 et
927 3071 1135 3120 sternutamenta
1145 3086 1205 3120 eor·

81 3127 202 3181 crassius
240 3137 288 3182 aut
313 3133 440 3185 Graecam
473 3139 520 3185 aut
559 3131 631 3185 Lati·
658 3131 773 3198 rigant:
806 3135 854 3185 sed
877 3151 1024 3202 perperam
1059 3138 1203 3190 Frontinus

83 3197 512 3266 usmlinguampronuneiaverint.
529 3201 631 3253 Deinde
658 3202 776 3263 suares.
797 3200 843 3253 lib.
855 3203 878 3253 i.
899 3220 959 3270 cap.
983 3219 1035 3268 nr,
1049 3214 1090 3260 ll.
1116 3207 1205 3261 Umo-

83 3269 170 3335 probe
181 3269 331 3334 tenendum,
350 3287 400 3322 uon
420 3270 507 3323 audiri
524 3288 539 3322 s
555 3269 631 3325 verbi
658 3269 735 3321 tbsus
752 3269 920 3323 Atheniensis
935 3275 1206 3331 elasssdimieaturus

83 3353 151 3389 eane
166 3336 193 3390 in
215 3339 340 3401 καυνέας,
358 3340 427 3407 quod
446 3348 522 3394 caute
541 3347 630 3393 tacue-
658 3339 789 3390 adversus
822 3341 1000 3410 Corcyraeos,
1030 3347 1206 3415 gubernatori

83 3412 158 3459 runt.
184 3405 239 3459 lam
253 3424 316 3462 vero
332 3415 408 3462 tanta
428 3415 487 3461 erat
501 3412 570 3476 apud
582 3413 631 3464 La·
658 3426 714 3469 suu,
731 3409 778 3478 qai
788 3412 970 3478 proficiscenti
992 3415 1046 3467 iam
1068 3418 1149 3469 classi
1169 3418 1207 3468 si-

81 3476 156 3530 tinus
174 3483 202 3529 et
227 3479 346 3531 Gmecos
363 3477 520 3546 proclivitas
539 3498 556 3530 o
573 3479 600 3532 in
613 3498 632 3531 u
656 3494 743 3548 gnum
766 3482 886 3547 receptui
907 3491 1029 3550 coeperat
1048 3487 1123 3550 dare,
1142 3485 1207 3554 puin

82 3544 214 3609 mutandi,
228 3554 267 3608 ut,
287 3548 434 3616 ubicunque
445 3565 461 3599 u
474 3556 502 3602 et
517 3568 532 3600 u
547 3548 637 3614 vocali
659 3567 691 3601 es
705 3548 851 3617 remigibus
865 3556 994 3619 qsssnimn
1016 3559 1206 3609 sternutantesn

82 3622 212 3682 sequeme
235 3617 457 3681 destituerentur,
480 3618 598 3685 prodiret
614 3638 632 3671 u
659 3618 806 3682 audierat:
821 3619 934 3685 miraris,
944 3622 1038 3691 inquit,
1053 3642 1087 3676 ex
1100 3625 1206 3679 totmil·

83 3686 145 3737 loco
159 3701 192 3736 u.
223 3685 295 3739 Hinc
315 3689 397 3740 babes
423 3704 470 3740 seu
494 3705 542 3755 pro
568 3689 632 3750 sios,
660 3688 729 3742 libus
742 3704 820 3742 unum
834 3691 1009 3756 perfrixisset
1027 3697 1206 3760 Haecsuper-

83 3754 188 3806 hmani
202 3769 248 3821 pru
277 3758 405 3821 matum,
429 3775 463 3810 ex
481 3773 531 3825 quo
552 3761 632 3812 lotum
659 3757 821 3812 stitiosornm
838 3761 965 3814 bominum
977 3764 1072 3818 deliria
1082 3766 1151 3818 salse
1167 3763 1206 3817 ri·

84 3838 139 3875 nou
147 3823 210 3876 oriri
223 3825 351 3890 potuisset
363 3827 415 3881 uisi
429 3845 449 3879 a
460 3825 590 3883 sonuisset
603 3847 631 3882 u.
659 3829 726 3881 dent
743 3830 889 3882 Menander
907 3836 934 3883 et
946 3832 1088 3897 Philemon,
1099 3851 1206 3903 quorum

84 3892 179 3945 Simile
202 3892 324 3960 quiddsm
356 3896 455 3950 accidit
483 3899 566 3951 verbo
592 3897 632 3950 illi
659 3897 744 3952 verba
752 3899 961 3965 suppeditabunt
970 3904 1206 3957 ClemensAteson·

85 3962 162 4014 Fran
185 3978 233 4030 pro
255 3965 358 4018 Fratre.
378 3966 450 4020 Hinc
464 3965 632 4031 intelligitur,
659 3967 754 4020 drinus
770 3969 866 4022 summ.
878 3985 928 4021 νη.
940 3988 1016 4037 pagg.
1027 3979 1088 4036 842,
1098 3981 1158 4029 848.
1177 3980 1206 4027 et

85 4047 101 4083 e
114 4033 197 4085 verbo
207 4036 277 4086 scios
295 4037 411 4105 (suus).
420 4039 539 4102 neglecto
555 4054 570 4089 e
584 4037 631 4089 de-
660 4037 840 4092 ibcndoretus
850 4041 963 4106 Tberap
976 4057 1014 4094 vs.
1024 4059 1101 4109 pagg.
1111 4050 1153 4105 ur,
1162 4052 1206 4099 88.

85 4100 174 4154 baisse
188 4118 240 4155 can
256 4104 330 4170 oriri,
346 4122 429 4187 unque
440 4104 552 4159 offendit
564 4104 631 4160 illud
658 4109 719 4159 Hoc
732 4112 818 4161 tamen
834 4125 884 4162 nou
905 4109 1034 4176 impediit,
1056 4129 1105 4194 quo
1121 4112 1205 4165 miuus

86 4178 189 4225 eauts
203 4174 326 4227 Romanis
340 4174 466 4230 militibus
480 4177 548 4229 male
572 4193 632 4242 pro-
658 4176 704 4230 diu
727 4184 820 4243 postea
843 4180 956 4241 valeret,
981 4187 1009 4233 et
1033 4189 1112 4235 etiam
1136 4199 1206 4236 stunc

86 4240 285 4308 mmiautibus,
310 4252 357 4300 aut
386 4260 461 4299 omen
490 4245 632 4300 artificiose
657 4248 728 4314 apud
747 4250 843 4301 multus
866 4251 971 4316 valeat,
998 4250 1110 4306 ominum
1129 4251 1204 4305 tldes.
