2892 4842
269 469 623 542 annuamuruu
646 468 778 565 nmuq
795 466 858 537 nu
878 464 1017 538 saro.

587 625 698 661 -4-

123 688 246 801 Duae
269 752 362 806 erant
382 745 464 824 apud
484 750 608 805 veteres
640 741 839 822 philosophos
868 741 976 803 affines
1000 739 1136 816 scholae,
1158 739 1199 801 dc

68 838 181 913 quibus
202 853 328 930 maguis
357 853 525 915 animorum
554 849 684 909 motibus
717 848 979 921 contendebatur3
1012 846 1111 907 altera
1132 845 1201 930 περί

70 944 256 1037 εἱμαρμένης
290 957 313 1017 i.
335 977 362 1017 e.
386 957 426 1017 de
447 956 524 1016 Fato
538 974 547 1028 ς
574 954 672 1015 altera
702 957 774 1035 περὶ
799 953 945 1030 δυνατῶν,
974 952 1014 1013 de
1036 971 1091 1026 eo,
1120 949 1201 1029 quod

70 1045 142 1110 lieri
174 1066 295 1135 potest.
329 1062 418 1123 Prior
446 1062 484 1121 ad
520 1079 622 1121 mores
652 1059 849 1120 referebatur
876 1058 1032 1137 quaestio,
1061 1054 1202 1135 quod,al

71 1149 175 1220 filium
195 1171 257 1243 eat,
281 1168 418 1247 nihilque
442 1166 473 1227 ln
494 1171 650 1246 potestate
671 1171 787 1239 nostra,
809 1182 868 1224 nec
889 1161 1081 1222 laudationes
1101 1161 1202 1221 iustae

72 1269 158 1341 flunt,
188 1288 251 1333 nec
274 1274 534 1353 vituperationes,
561 1290 620 1331 uec
641 1270 789 1343 honores,
820 1287 881 1328 nec
902 1268 1072 1346 supplicius
1099 1274 1203 1346 poste·

74 1365 142 1427 rior
163 1383 275 1439 autem
295 1381 336 1441 ad
353 1380 547 1441 dialecticam
567 1377 727 1456 pertinere
748 1375 922 1453 putabatur.
952 1372 1029 1456 (vida
1052 1391 1078 1433 c.
1092 1372 1120 1432 1.
1136 1368 1202 1456 17.)

74 1467 182 1539 Fuere
213 1493 320 1547 autern
354 1486 433 1546 duae
473 1494 615 1545 veterum
649 1481 902 1561 philosophorum
933 1479 1117 1540 sententiae.
1144 1497 1205 1539 una

76 1595 198 1665 corum,
223 1593 277 1672 qui
297 1597 482 1665 corruerent,
511 1590 611 1649 omnia
638 1588 682 1648 ita
714 1587 779 1649 fato
800 1587 879 1664 liert,
909 1592 944 1647 ut
972 1585 1005 1646 id
1026 1585 1124 1647 fatum
1144 1585 1206 1645 rim

76 1696 281 1757 necessitatis
303 1696 451 1766 afferren
480 1695 513 1753 in
534 1715 593 1773 qua
614 1696 769 1756 sententia
789 1692 992 1766 Democritus,
1015 1691 1205 1768 Heraclitus,

76 1787 299 1876 Empedocles,
322 1797 507 1858 Aristoteles
530 1798 638 1860 fuere:
665 1800 766 1860 altera
787 1817 902 1872 eorum,
924 1797 1033 1875 quibus
1055 1799 1207 1859 visisunt

77 1897 149 1960 sine
172 1905 239 1967 ullo
260 1906 325 1966 fato
353 1923 422 1963 essa
443 1903 611 1963 animorum
632 1912 741 1965 motus.
785 1903 977 1982 Chrysippus
999 1910 1104 1963 autem
1125 1903 1206 1963 Stoi-

78 2019 148 2081 cus,
171 2014 327 2090 tamquam
360 1998 479 2070 arbiter
509 2008 690 2070 honorarius
717 2010 799 2078 inter
827 2009 948 2069 Stoicos
973 2016 1006 2069 et
1027 2007 1206 2088 Epicureos,

78 2108 222 2176 medium
242 2115 339 2176 ferire
360 2114 467 2190 voluit,
491 2120 525 2174 et
546 2115 644 2176 fatum
665 2135 703 2176 cx
724 2115 825 2194 aliqua
847 2121 949 2194 parte,
970 2113 1002 2173 h.
1021 2133 1049 2174 e.
1070 2114 1115 2173 ita
1135 2131 1207 2192 pro-

80 2208 180 2294 bavit,
212 2227 248 2281 ut
278 2225 378 2280 motus
405 2219 574 2281 animorum
605 2221 794 2281 necessitate
826 2219 984 2279 liberaret.
1006 2237 1034 2278 c.
1053 2217 1103 2278 11.
1145 2216 1208 2277 lam

82 2322 169 2395 quod
192 2326 244 2387 hic
273 2326 360 2386 locus
389 2325 570 2388 coniunctus
600 2332 649 2386 cst
676 2345 747 2385 cunr
776 2342 824 2399 eo,
855 2324 906 2402 qui
936 2330 985 2386 est
1019 2322 1059 2383 dc
1090 2321 1208 2382 Natura

83 2420 231 2509 Deorum,
267 2444 298 2492 et
319 2431 435 2506 altero,
465 2420 504 2491 de
531 2431 743 2502 Divinatioue3
773 2450 843 2491 eum
871 2449 992 2509 quoque
1013 2433 1209 2509 pertractare

83 2547 122 2591 tc
147 2534 306 2598 illustrare
328 2538 443 2598 litteris
465 2537 567 2598 latinis
595 2535 742 2616 susceth
770 2556 798 2597 ν.
821 2536 862 2597 de
883 2536 982 2597 Dicin.
1006 2535 1029 2596 l.
1052 2535 1080 2594 1.
1126 2533 1209 2593 Duos

84 2645 191 2703 eutem
212 2644 250 2703 ad
272 2643 429 2703 minimum
449 2643 543 2703 libros
565 2641 605 2701 de
628 2639 685 2702 lrac
707 2642 887 2720 quaestione
909 2640 1069 2721 scripsisse
1085 2639 1210 2700 videtur

86 2743 162 2811 viria
183 2749 293 2825 doctis,
326 2768 456 2827 quorum
476 2748 604 2809 alterius
636 2767 707 2826 para
738 2747 777 2808 ad
799 2767 870 2824 nos,
902 2752 1029 2826 praeter
1051 2745 1210 2807 exordium

87 2851 189 2931 primi,
211 2854 399 2933 peruenerit.
427 2853 471 2914 Eu
485 2860 626 2914 versatur
646 2853 678 2913 in
699 2852 872 2916 refutandis
893 2854 1073 2933 quibusdam
1093 2853 1210 2933 captio-

87 2956 131 3019 sis
151 2960 326 3021 Stoicorum
347 2960 546 3040 argumentis,
568 2959 676 3038 quibus
698 2959 738 3018 ad
760 2959 1002 3020 confirmandum
1022 2958 1120 3019 fatum
1140 2963 1210 3018 ute·

88 3060 216 3139 bantur3
239 3085 317 3145 qnae
339 3086 407 3135 curu
428 3066 462 3125 ia
483 3084 519 3125 ca
540 3071 631 3143 parte
653 3064 805 3143 explicata
825 3067 888 3127 siut
909 3086 927 3126 a
948 3065 1109 3139 Cicerone,
1132 3081 1211 3141 quae

88 3168 219 3247 interiit,
251 3191 287 3232 ea
312 3191 349 3232 err
371 3170 530 3232 Plutarchi
554 3169 660 3231 libello
681 3169 722 3230 de
746 3170 834 3247 Fato,
863 3170 1003 3251 quilque
1026 3187 1149 3229 mancus
1171 3166 1211 3228 ad

89 3293 146 3338 nos
172 3278 331 3356 pervenit,
362 3284 396 3339 et
425 3278 458 3337 in
497 3277 608 3337 horum
641 3282 893 3354 argumentorum
923 3274 1212 3335 commemoratione

90 3362 222 3458 durau,
253 3382 418 3442 oneremus
444 3378 497 3463 (υ.
512 3381 548 3442 11.
567 3380 589 3441 c
608 3380 680 3442 aar.
718 3381 769 3442 ea.
801 3380 941 3442 wacon.
973 3380 1011 3441 r.
1028 3379 1067 3440 x.
1089 3399 1118 3459 p.
1140 3379 1212 3441 τοο.

91 3508 156 3569 cap.
177 3506 218 3550 ιι.
242 3489 291 3549 ed.
311 3485 455 3571 Hutten.)
487 3480 580 3553 Κατὰ
599 3483 653 3552 τὸν
675 3489 810 3552 ἐναντίον
834 3484 893 3568 (ac.
914 3480 1013 3563 λόγον.
1033 3484 1212 3546 Edweclr.

90 3594 175 3677 τῶν)
202 3590 335 3676 μάλιστα
360 3594 414 3679 μὲν
443 3596 495 3660 καί
521 3596 643 3682 πρῶτον
669 3591 749 3660 εἶναι
773 3590 869 3673 δόξειε
900 3589 936 3657 τὸ
959 3588 1054 3678 μηδὲν
1075 3589 1214 3663 ἀναιτίως

91 3703 263 3783 γίγνεσθαι,
276 3698 355 3766 ἀλλὰ
372 3695 452 3765 κατα
467 3704 697 3787 προηγουμένας
717 3705 831 3775 αἰτίας·
854 3694 994 3785 δεύτερον
1014 3695 1058 3775 δὲ,
1074 3691 1110 3761 ao*
1127 3686 1215 3777 φύσει

91 3801 278 3871 διοικεῖσθαι
312 3802 400 3871 τόνδε
428 3804 482 3872 τὸν
516 3804 642 3889 κόσμον,
674 3803 833 3890 ου’μττνουν
858 3805 910 3870 καί
938 3804 1091 3887 συμπαθῆ
1119 3794 1215 3865 αὐτὸν

4 3960 6 3965 ,
92 3906 344 3995 (Wech.ur''›ao'o)
366 3912 454 3997 αὑτῷ
475 3908 563 3978 ὄντα·
583 3918 686 3995 τρίτον
698 3911 742 3991 δὲ,
763 3909 802 3976 τοί
812 3909 889 3995 πρὸς
907 3905 1028 3983 τούτοις
1041 3905 1215 3989 (wyttent.

92 4016 203 4095 crispio.
223 4010 244 4081 ἃ
264 4014 338 4102 πρὸς
362 4016 506 4104 τούτοις)
535 4016 684 4104 μαρτύρια
710 4018 827 4102 μᾶλλον
854 4020 951 4082 ἔοικεν
979 4012 1066 4085 εἶναι,
1088 4009 1215 4096 μαντικὴ

92 4120 146 4201 μὲν
160 4109 276 4186 ἶίττασιν
297 4118 475 4222 ἀνθρώπους
499 4119 659 4207 εὐδόκιμος
689 4120 729 4198 ὡς
748 4121 873 4208 ἀληθῶς
901 4124 970 4204 θεῷ
998 4114 1112 4201 (wytt.
1134 4138 1214 4200 susp.

93 4226 196 4309 θεῶν)
220 4224 414 4312 ὑπάρχουσα·
438 4226 512 4313 ἡδὲ
530 4232 592 4295 τῶν·
612 4231 716 4311 σοφῶν
732 4225 809 4313 πρὸς
829 4222 866 4291 τὰ
889 4229 1097 4312 συμβαίνοντα
1114 4222 1214 4310 εὐαρί-
