2892 4842
218 302 281 367 ooo
614 269 661 353 or:
679 300 928 357 owrnnrronn

220 486 385 562 naturam,
418 487 453 542 et
476 498 550 542 earn
575 473 822 566 eurpioienduur
842 470 1143 560 admirandamque
1160 470 1342 538 hominurn

220 572 350 664 generi,
382 572 605 664 pulchritudo
638 572 754 641 rutundi
784 573 938 660 ordoque
981 592 1096 639 rerurn
1139 569 1341 637 caelestium

162 680 212 729 1⁴⁹·
221 672 316 761 cogit
340 670 501 740 confiteri.
550 672 661 756 Quam
687 672 732 741 ob
767 694 851 756 rem,
887 680 925 737 ut
957 669 1077 760 religio
1109 665 1341 759 propaganda

109 834 113 853 ,
222 769 324 836 etiam
349 782 411 856 eat,
442 791 530 858 quae
555 781 606 838 oet
628 772 741 837 iuncta
775 791 854 836 enm
886 767 1260 865 cognitiennnamme:
1285 766 1340 831 cic

222 866 466 956 superstitionis
497 868 618 958 stirpes
650 891 766 935 omnes
800 866 993 935 eiiciendae.
1046 865 1151 935 Instat
1177 864 1277 949 euim,
1299 872 1340 929 et

220 1030 343 1095 exempla
360 1030 465 1084 laudat:
493 1030 548 1083 diei
565 1029 627 1083 item
643 1047 763 1085 uonnnn-
788 1032 883 1084 nociee
908 1036 1010 1093 censet,
1037 1026 1090 1081 uini
1111 1027 1169 1097 quie
1192 1025 1269 1080 malit
1285 1025 1339 1077 eli·

220 1112 296 1165 qoam
312 1097 418 1166 quiden
441 1100 469 1152 iu
493 1101 542 1155 trac
562 1101 763 1162 constructione,
788 1099 898 1152 ciendae
916 1107 987 1161 cent,
1009 1098 1077 1166 qaod
1095 1098 1201 1165 propino
1218 1097 1252 1148 ad
1269 1093 1338 1149 ecri-

219 1167 313 1219 omiseo
334 1168 493 1235 pronomine,
516 1176 546 1223 nt
569 1170 604 1221 de
623 1172 659 1221 N.
677 1175 711 1222 D.
722 1170 763 1219 11.
789 1176 892 1235 pteram
918 1170 1059 1233 vulgatam,
1084 1170 1244 1233 eandemque
1262 1163 1339 1216 enti-

220 1235 274 1288 ll.'
288 1244 315 1288 et
340 1238 448 1291 acriore
476 1239 581 1306 quidem
610 1254 658 1305 pro
681 1246 708 1289 et
731 1255 763 1290 ce
789 1254 874 1304 quem,
891 1238 1005 1291 cecedit.
1025 1235 1178 1289 Eiiciendee
1192 1242 1290 1297 eutem,
1306 1231 1338 1286 id

219 1305 325 1371 quidem
344 1307 469 1359 nemore·
489 1308 554 1359 conf
565 1307 645 1361 etiem
664 1306 762 1361 Ochae.
790 1314 840 1369 nt,
857 1308 1053 1368 exacuendam
1078 1322 1229 1375 quamquam
1247 1307 1338 1357 fateor

182 1398 185 1409 ·
220 1377 240 1424 Ι.
254 1392 280 1426 c.
303 1392 331 1440 p.
348 1382 475 1429 24-26.
505 1375 549 1428 ubi
576 1382 667 1430 noster
691 1379 764 1430 locus
790 1376 934 1430 eliciendae
962 1392 1014 1429 non
1042 1377 1109 1430 ntis
1136 1391 1253 1442 magnam
1285 1374 1338 1425 hoc

219 1444 282 1502 inde
299 1461 316 1497 a
331 1444 421 1497 verbis
440 1444 509 1496 Eece
523 1453 705 1512 praestantem
723 1463 764 1499 ue·
791 1448 850 1499 loco
872 1446 925 1504 vim
948 1447 1058 1510 hebere,
1085 1460 1170 1514 neque
1195 1447 1338 1498 lamberte

218 1528 270 1579 que
286 1514 320 1565 ed
337 1513 427 1581 quiete
439 1522 524 1567 mente
542 1516 683 1568 oonairtere
694 1530 764 1567 eom-
789 1515 950 1579 convenire,
978 1532 1054 1581 quum
1078 1515 1265 1576 extrahendae,
1288 1517 1339 1564 eut

219 1580 294 1632 mode
312 1580 468 1635 illustratur·
486 1584 518 1637 In
535 1601 606 1655 seqq.
625 1586 763 1639 corbelto-
790 1588 946 1650 evellendae,
963 1592 1011 1639 eut
1023 1584 1097 1638 aliud
1113 1584 1206 1637 simile.
1224 1581 1318 1636 uano.

218 1650 315 1703 mittunt
345 1652 442 1719 generi
468 1655 641 1721 praetritudo
672 1654 765 1707 mnndi
823 1655 926 1725 Stirpee
938 1671 1024 1707 omnes
1034 1654 1181 1708 eiiciendae
1194 1652 1267 1773 ιιιιιιε)
1276 1649 1337 1702 Eli·

219 1721 316 1775 deront
339 1720 367 1773 in
391 1721 457 1775 Coti·
474 1725 514 1779 M.
539 1726 594 1777 Pro
611 1742 641 1775 eo
666 1725 684 1776 ‘t
700 1742 762 1776 con-
789 1725 891 1777 dcndae
916 1725 984 1777 liber
1002 1732 1090 1777 vetur.
1107 1725 1207 1776 Unrrn.
1262 1720 1336 1773 raino

213 1789 293 1856 fiteri
310 1790 377 1843 Coti.
396 1793 428 1845 R.
446 1794 566 1860 confiteri
582 1804 681 1864 coegrt,
697 1793 763 1847 etin
789 1809 841 1846 uon
858 1794 977 1863 equidem
994 1791 1223 1855 crediderim,cum
1237 1791 1336 1858 panim

219 1876 299 1924 marg.
308 1862 399 1926 soteri
412 1863 510 1931 coegit.
528 1863 593 1915 Cod.
612 1867 642 1916 L.
654 1866 680 1917 b.
689 1862 765 1932 cogit
790 1864 907 1927 MSStoe,
922 1864 967 1932 qui
977 1863 1043 1917 nulli
1060 1869 1131 1926 eunt,
1148 1865 1271 1916 advocet.
1284 1862 1337 1912 Re·

217 1930 397 2004 profiteri.
430 1933 493 1983 Mox
514 1933 545 1983 R.
564 1933 763 1997 Quamobrem
790 1930 900 1986 tinentia
917 1948 1021 1999 pmreue
1045 1939 1088 1985 eet
1112 1933 1222 1996 vulgata
1245 1932 1334 1993 lectio,

220 2000 320 2051 etium
337 1999 433 2069 religio
445 2005 686 2071 propag-endunt.
709 2004 763 2056 Mr.
790 2018 866 2068 quem
889 2004 992 2056 firmant
1014 2000 1132 2053 Codices.
1171 2000 1215 2053 sic
1239 2017 1335 2052 nerem

252 2073 447 2193 prnggehpdel
461 2072 560 2193 ιιιέηι
581 2076 649 2193 οἵῃ]
673 2073 765 2194 Epium
790 2072 983 2197 eoniearptioong'g
1009 2085 1123 2124 κηποι
1148 2070 1225 2124 dixit·
1239 2070 1334 2123 hicine

221 2153 295 2193 moue
347 2156 419 2192 cn.
449 2160 493 2194 .c.
529 2158 597 2195 erve
640 2158 765 2195 roetern
794 2156 846 2205 ιιι,
898 2178 905 2192 .
984 2178 992 2193 .

220 2226 299 2271 norae,
322 2212 366 2262 vel
383 2211 444 2276 poni
468 2211 528 2262 ideo
549 2159 717 2278 potiarpimum²
735 2218 766 2264 ut
825 2211 927 2279 scirpea
939 2227 1026 2263 omnen
1038 2209 1197 2277 eiiciendae]
1213 2210 1257 2263 Sic
1268 2211 1335 2263 Mer·

220 2278 764 2353 uagieappareatoppoeitioiuneiieien·
791 2280 883 2345 noetri,
904 2283 949 2334 sed
976 2296 1046 2333 more
1070 2296 1131 2341 cuo,
1155 2279 1232 2332 unica
1254 2280 1335 2334 litera

221 2351 281 2401 dee.
300 2349 353 2400 Mr.
791 2351 935 2404 eiciendne.
969 2351 1066 2403 sturtm
1095 2347 1143 2403 elii
1174 2348 1334 2401 cotrieetnrie

254 2435 323 2486 pene
346 2428 385 2472 eet
413 2421 505 2472 iuncte
531 2438 590 2473 eunt
614 2420 763 2490 cognitione
790 2427 933 2487 operentur
956 2418 1053 2487 qnippe
1076 2416 1221 2473 eiiciendae
1237 2418 1333 2485 stirpen

220 2492 371 2555 nutnreee]
389 2489 455 2542 cod.
467 2490 513 2543 Cr·
531 2491 763 2546 nonhabetverba
788 2492 840 2543 iam
857 2498 937 2544 autea
953 2493 1061 2542 evulsae
1077 2488 1132 2541 aiut
1148 2493 1333 2555 extracleeque

220 2575 287 2626 quoe
300 2565 358 2619 ett3
382 2557 452 2610 idern
469 2558 578 2610 exhibet
595 2562 762 2630 cogrmtimre.
788 2559 916 2612 radicitus
932 2564 1052 2626 oportet3
1069 2573 1119 2626 quo
1131 2556 1334 2627 ipmnunquam

221 2628 415 2685 liin-Verba
427 2628 577 2696 cognitione
593 2639 708 2682 netnree
717 2646 762 2682 ex·
789 2638 862 2682 certe
894 2637 1073 2681 renascantur.
1110 2626 1133 2678 ei
1157 2633 1246 2680 tamen
1270 2628 1332 2695 quid

220 2695 343 2770 plicando
372 2702 433 2749 runt
465 2714 497 2747 ex
528 2699 762 2763 praecedentium:
789 2698 956 2763 mutandum,
987 2697 1073 2752 malim
1100 2696 1238 2766 eligendae
1261 2706 1334 2761 eunt,

216 2765 389 2835 pulchritudo
401 2766 492 2817 mnndi
498 2774 550 2817 etc.
561 2768 596 2818 K.
608 2797 636 2807 -
645 2769 677 2821 In
686 2784 763 2835 pree·
807 2768 915 2819 uomodo
934 2770 1035 2820 locutus
1044 2773 1133 2820 noster
1145 2768 1197 2818 fine
1208 2766 1271 2820 libri
1277 2768 1331 2818 111.

218 2834 297 2887 cedd.
320 2836 388 2887 Edd.
414 2842 481 2889 vett.
509 2839 651 2891 nonnullae
675 2838 763 2889 cerei·
788 2783 894 2888 iurent.
911 2844 1013 2905 quaest.
1039 2853 1086 2903 pro
1103 2850 1152 2904 quo
1169 2842 1256 2889 tamen
1273 2839 1333 2889 vul·

214 2904 340 2977 piendum
354 2920 403 2972 pro
420 2904 624 2972 inspiciendam.
641 2907 694 2959 Sed
702 2923 763 2974 pro·
789 2905 844 2970 rati
861 2905 1007 2959 elidendae·
1028 2908 1110 2958 Gret.

219 2977 278 3026 beru
295 2976 435 3029 lectionem
459 2976 556 3028 habent
574 2976 642 3027 Edd.
662 2978 762 3031 Acce.
823 2975 983 3045 eiiciendae]
1001 2977 1061 3031 Non
1078 2990 1141 3041 opus
1165 2983 1207 3029 oet
1224 2978 1273 3029 hec
1290 2975 1332 3028 ui-

219 3044 383 3111 censteplr.
397 3045 494 3096 Sturrn.
508 3045 569 3097 Ald.
585 3047 762 3099 Boul.Lamb.
789 3043 837 3096 mie
858 3045 977 3114 quaesita
1006 3043 1189 3098 commoditate
1215 3046 1332 3108 Gruteri,

218 3119 248 3166 et
262 3128 334 3183 seqq.
353 3114 419 3165 Cod.
432 3130 532 3183 quoque
545 3116 663 3169 &habet
677 3117 762 3169 ened-
789 3114 861 3234 pueri
895 3114 969 3182 princ
1004 3116 1112 3167 evulsae
1146 3122 1331 3185 excoctaeque

215 3183 349 3258 piendam.
369 3184 421 3235 Mr.
808 3185 886 3236 einde
895 3184 1052 3238 eiiciantur:
1063 3199 1140 3252 quum
1149 3185 1231 3252 ipsum
1237 3185 1331 3238 eiicere

252 3252 355 3323 Stirpee
389 3270 475 3305 corner
512 3251 658 3310 eiiciendae
682 3256 763 3324 rent]
788 3261 864 3309 notet
889 3256 1055 3319 convellere,
1082 3252 1247 3319 dille-ingere,
1273 3268 1332 3307 συν-

217 3321 362 3377 Etidendue
379 3337 431 3375 non
448 3322 538 3375 dubito
551 3325 613 3391 quin
628 3325 762 3392 corrigen-
789 3325 906 3390 θλίβειν,
923 3324 1048 3393 quomodo
1065 3339 1158 3376 neruos
1172 3324 1330 3377 coniuratio-

217 3394 277 3444 dunt
302 3391 346 3457 eit,
368 3401 397 3446 ut
420 3408 477 3444 cum
503 3395 585 3447 verbo
609 3395 717 3462 stirpes,
734 3400 763 3447 et
788 3393 832 3444 nie
857 3396 980 3446 eiectos
1004 3394 1120 3445 trenlate
1149 3392 1219 3446 dixit
1243 3394 1331 3448 Livius

217 3478 275 3515 cunt
292 3464 373 3516 verbo
398 3461 459 3515 item
480 3468 669 3535 propagando,
694 3465 762 3532 quod
790 3471 895 3518 virdo.
914 3480 993 3516 coeat
1011 3463 1137 3516 eiicere
1157 3464 1263 3543 proprie
1275 3467 1331 3529 lly-

217 3532 244 3587 in
261 3530 395 3598 reperiere
412 3534 526 3584 membro
544 3533 657 3607 potitum
674 3541 725 3595 eet,
737 3532 764 3586 in
788 3531 864 3597 giooe
881 3534 947 3586 Fal).
963 3541 1015 3595 5⁷„
1040 3547 1106 3599 quae
1122 3533 1227 3601 quidem
1245 3550 1329 3586 emen

217 3600 361 3658 tralatione
377 3603 534 3656 concentiat.
558 3602 603 3654 Sic
620 3602 700 3656 etiem
722 3606 762 3655 lo-
788 3600 891 3655 datione
909 3609 977 3663 runt,
996 3617 1072 3669 quarn
1089 3608 1119 3654 ut
1136 3602 1191 3655 illie
1208 3602 1329 3671 surpicio·

216 3677 292 3725 entur
301 3677 345 3725 eet
357 3674 432 3730 Tunc.
441 3670 488 3723 lib.
502 3671 557 3723 111.
568 3688 628 3738 cap.
639 3679 681 3727 dd.
691 3672 761 3724 ottr-
787 3670 865 3723 nibur
880 3671 974 3724 violari
992 3677 1122 3737 oporteat.
1148 3672 1262 3725 Gronov.

216 3755 282 3811 pet,
314 3740 416 3813 inquit,
441 3741 642 3810 aegritudinis,
666 3750 761 3795 trunco
822 3759 908 3793 omnes
925 3742 1142 3811 eiiciendae]
1165 3744 1242 3795 Soloe
1257 3744 1327 3808 Syto.

217 3826 315 3874 coerce,
332 3828 421 3863 coenet
439 3812 584 3864 elidendae.
603 3813 635 3864 P.
652 3814 761 3865 Munnc.
787 3812 890 3878 recepit
904 3810 1049 3874 elidendae,
1061 3810 1131 3878 quod
1148 3813 1239 3880 placet
1252 3812 1329 3865 etiarn

251 3880 447 3951 rtirpeeomner
464 3882 677 3949 eiiciendae]
694 3882 760 3935 liti·
788 3881 964 3946 Hottingero3
990 3879 1034 3948 qui
1059 3888 1148 3934 tamen
1174 3881 1254 3935 etiarn
1271 3897 1328 3934 con-

214 3950 343 4004 dendae
368 3959 432 4003 cent
457 3968 513 4005 enm
531 3950 651 4004 Menutio
667 3968 761 4006 censeo
788 3951 843 4005 iicit
860 3951 1029 4004 excidendae.
1061 3950 1115 4005 Sed
1141 3948 1206 4003 nihil
1231 3958 1329 4004 mouu-

216 4022 364 4084 legendum,
383 4029 412 4073 ut
426 4019 452 4072 in
465 4020 646 4074 *translatione
657 4020 761 4088 incepta
787 4020 858 4072 dum.
882 4021 1020 4074 Commode
1039 4020 1153 4075 advocat
1164 4021 1262 4073 Ochsn.
1278 4023 1328 4072 l.c.

214 4096 327 4157 perciet.
345 4091 416 4145 Quid
433 4099 524 4147 eutem.
538 4091 760 4144 erteiiecrcetir-
786 4092 864 4142 Tuae.
887 4091 912 4142 1.
934 4098 976 4145 lo.
1010 4089 1084 4143 illem
1113 4107 1175 4142 cero
1202 4090 1328 4158 funditur

212 4161 283 4235 pce?
300 4161 377 4213 uret.
787 4159 964 4213 eiiciemec
981 4160 1178 4214 individuorum
1195 4178 1328 4228 corporum

250 4230 341 4311 Malim
354 4229 406 4293 legi
425 4228 561 4281 elidendae
572 4238 643 4293 runt,
661 4234 760 4287 utMe-
787 4232 979 4285 concursionem
997 4232 1158 4297 senadtetnr
1181 4247 1327 4299 quamquem
