2892 4842
209 274 272 335 baa
612 270 659 319 un
678 267 922 321 orvrnamone

210 443 425 514 tribuendum
449 445 509 511 sit:
546 428 745 531 praesertim
769 461 848 509 cunr
871 442 920 509 illi
945 441 1020 531 ipsi,
1046 442 1105 530 qui
1130 462 1171 508 ea
1195 439 1322 526 vident,

209 543 296 612 nihil
321 542 486 622 divinent3
515 541 562 626 ii,
604 540 663 627 qui
692 541 973 630 interpretantur,
1003 539 1232 608 coniecturam
1256 538 1323 606 ad-

208 643 367 727 hibeant,
408 663 473 707 non
510 649 690 706 naturam:
734 660 831 706 casus
873 650 987 706 autem
1026 639 1328 706 innumerabilibus

208 762 319 831 paene
350 740 492 806 saeculis
537 738 571 803 in
606 738 759 805 omnibus
798 739 898 827 plura
938 736 1121 822 mirabilia,
1159 760 1262 824 quam
1286 739 1322 804 in

121 852 199 911 om·
211 838 415 907 somniorum
447 838 523 904 risis
561 833 739 903 effeceritt
774 858 884 926 neque
920 836 1131 920 coniectura,
1157 857 1255 922 >quae
1286 834 1320 901 in

164 919 186 953 ‘¹'
210 937 317 1004 varias
341 946 455 1026 partes
481 935 560 1002 duci
584 935 700 1022 possit,
729 956 976 1023 nonnumquam
1001 935 1101 1002 etiam
1124 936 1158 1001 in
1184 946 1320 1001 eontra-

208 1038 285 1121 rias,
311 1036 492 1123 quicquam
514 1035 556 1101 sit
580 1033 748 1101 incertius.

153 1136 198 1190 ²²·
284 1132 498 1223 Explodatur
530 1130 620 1197 baec
653 1153 791 1220 quoque
816 1132 1020 1199 somniorum
1042 1129 1201 1197 divinatio
1226 1130 1317 1219 pari·

149 1209 261 1299 ¹⁴⁸'ter
286 1254 364 1300 cum
389 1233 518 1299 ceteris.
568 1227 674 1311 Nam,
715 1241 754 1297 ut
785 1253 865 1298 vere
896 1231 1086 1318 loquamur,
1116 1230 1320 1318 superstitio,

207 1330 282 1397 fusa
307 1344 528 1421 pergentes,
557 1329 727 1414 oppressit
759 1331 908 1396 omnium
940 1330 1013 1395 fere
1038 1329 1182 1412 animos,
1217 1338 1321 1414 atque

207 1426 384 1496 hominum
409 1427 673 1496 imbecillitatem
698 1427 889 1516 occupavit.
914 1402 1028 1523 Quod
1052 1436 1087 1493 et
1111 1426 1144 1491 in
1170 1426 1208 1490 iis
1225 1425 1320 1492 libris

240 1628 286 1696 qui
301 1645 334 1680 eu
348 1627 459 1694 uident]
478 1624 545 1676 Cod.
562 1624 605 1675 Cr.
628 1622 674 1691 qui
687 1624 750 1675 illa
810 1626 961 1690 incanus]
977 1624 1043 1677 eol.
1058 1625 1090 1674 P.
1108 1626 1217 1676 aestiua.
1244 1623 1320 1677 Quod

204 1698 304 1751 uident.
323 1700 411 1750 Verba
423 1695 749 1747 coniecturum-nonna-
776 1695 868 1747 melius
885 1694 973 1746 reiicit
997 1697 1074 1745 Grut.
1099 1710 1174 1760 qnam
1191 1692 1321 1745 defendit.

205 1774 293 1819 turam
303 1771 381 1820 Hott.
397 1766 526 1819 commode
538 1763 652 1829 explicat
670 1778 749 1828 „pro-
777 1765 841 1816 Cod.
859 1768 887 1816 S.
907 1763 995 1831 pergit
1011 1764 1180 1829 Explodilur.
1200 1766 1252 1814 dtr.

207 1837 389 1896 habilitatem,
410 1839 444 1887 ab
469 1832 638 1886 similitudino
661 1833 750 1898 aliqua
811 1834 978 1901 Explodatur
1004 1836 1068 1898 eto]
1090 1833 1163 1893 Cum,
1186 1849 1261 1899 quam
1278 1831 1321 1883 bic

205 1908 326 1969 ductam,
349 1922 400 1958 non
427 1902 609 1957 assumitarum
630 1918 652 1953 s.
670 1901 750 1953 ratio·
775 1903 905 1968 expromit
927 1907 1049 1964 Marcus,
1082 1904 1242 1954 sententiam
1273 1902 1321 1953 ad·

204 1991 263 2027 nem
280 1977 379 2028 firmam
406 1981 487 2040 atque
511 1971 642 2032 stabilem,
665 1971 749 2037 qualis
776 1973 878 2024 modum
896 1972 1048 2039 discrepare
1065 1971 1176 2026 vidisset
1195 1975 1271 2023 Hott.
1285 1974 1320 2023 ab

205 2052 247 2098 ast
264 2044 292 2097 in
308 2043 393 2097 causis
410 2040 582 2101 naturalibus,
596 2055 662 2108 quae
674 2048 749 2094 certa
776 2057 816 2102 ea,
834 2059 908 2110 quam
927 2057 999 2094 suam
1016 2058 1075 2093 essa
1092 2040 1130 2093 ait
1149 2043 1176 2094 in
1194 2041 1267 2092 libris
1286 2042 1321 2092 de

203 2116 304 2167 babent
328 2115 470 2179 eademque
498 2127 601 2176 semper
623 2109 750 2162 autema
778 2113 1059 2175 negg.11.1s.,cum
1076 2112 1226 2163 Sebolrenio
1244 2111 1321 2176 [We-

204 2186 301 2237 Paullo
324 2182 434 2236 iuferius
460 2181 526 2233 Cod-
554 2181 599 2231 Cr.
624 2180 703 2231 babet
720 2179 750 2230 io
775 2182 983 2232 rete-Solonem
1010 2181 1038 2232 iu
1061 2181 1130 2233 Dies.
1148 2182 1182 2232 de
1201 2181 1321 2232 Philoso-

203 2253 362 2306 aomuiorum
384 2254 487 2302 uisus.
516 2251 580 2301 Tum
597 2250 636 2300 M.
662 2248 750 2300 corrie-
776 2249 852 2316 pbiae
870 2250 1058 2303 Ciceronianae
1077 2253 1142 2311 loco,
1166 2249 1210 2317 qui
1228 2257 1269 2301 ast
1286 2251 1321 2304 de

204 2331 310 2377 uturum
326 2321 542 2391 pronosticorum.
560 2318 749 2371 S.eouieetan·
776 2320 873 2373 Divina
897 2327 992 2373 natura
1022 2337 1050 2385 p.
1071 2328 1114 2373 69.
1143 2319 1184 2371 eui
1210 2319 1322 2374 assentit

204 2401 259 2447 tur.
278 2394 332 2446 Mr.
775 2389 916 2441 deoerua
933 2389 961 2442 iu
979 2389 1076 2441 Corum.
1094 2390 1128 2440 de
1145 2388 1281 2441 Ciceronis
1293 2388 1321 2442 in

237 2463 267 2514 in
283 2462 376 2515 uarius
398 2468 492 2527 partes
514 2456 592 2525 daei]
617 2458 683 2510 Cod.
702 2460 749 2512 Cr.
775 2459 969 2526 Philosophiam
982 2458 1084 2510 meritis
1101 2474 1128 2524 p.
1141 2461 1215 2523 toz]
1231 2458 1322 2511 existi·

203 2532 234 2583 in
263 2531 371 2584 variis
401 2527 516 2596 partia
547 2525 620 2578 duei.
647 2528 747 2580 Mr.-
775 2536 838 2589 mat,
855 2529 1008 2581 Ciceronem
1036 2527 1064 2579 iu
1089 2525 1165 2579 libris
1192 2527 1226 2578 de
1244 2526 1322 2591 Lagi-

203 2602 275 2653 Duei
292 2602 409 2667 explieat
427 2601 505 2653 llatlr.
522 2595 624 2649 didam.
651 2597 749 2650 Melius
776 2600 823 2649 bus
840 2599 873 2650 ad
893 2597 1024 2665 publicam
1040 2594 1192 2656 utilitatem,
1203 2596 1230 2647 iu
1244 2596 1320 2649 libris

203 2669 368 2737 comparabis
389 2670 428 2720 ΙΙ.
440 2676 483 2722 ao.
511 2667 566 2717 lum
582 2680 644 2716 uero
663 2667 749 2718 eom'e-
776 2667 810 2717 de
827 2666 996 2720 Divinatione
1010 2667 1044 2718 ad
1056 2665 1261 2732 philosophicam
1273 2684 1322 2720 ve-

204 2746 285 2791 eluru
301 2735 392 2801 omnir,
413 2738 443 2788 in
460 2753 512 2803 quo
528 2733 627 2785 nititur
644 2733 750 2787 divino-
775 2736 881 2788 ritatem
911 2752 969 2789 esse
1000 2737 1123 2787 locutum.
1156 2737 1216 2789 Qua
1239 2736 1274 2787 de
1292 2754 1323 2790 re

204 2810 252 2870 tio,
268 2806 387 2877 ingeniis
412 2805 542 2859 domiuum
559 2804 587 2854 iu
604 2805 700 2856 multus
716 2823 749 2858 ue
776 2802 931 2871 quidnobis
954 2804 1086 2866 videatur,
1109 2804 1274 2870 exposuimus
1293 2807 1320 2859 iu

204 2878 335 2940 diversor,
357 2882 405 2930 out
423 2875 501 2927 etium
521 2871 671 2925 contrarius
682 2891 751 2942 pur·
776 2873 975 2927 introductione
992 2875 1020 2927 in
1038 2874 1174 2927 Ciceronis
1192 2875 1225 2925 de
1244 2878 1321 2942 Legi-

203 2956 244 3001 tea
273 2964 352 3016 saepe
383 2943 582 2998 deducitur.-
615 2948 644 2994 et
665 2958 688 2994 e.
706 2952 749 2999 το.
776 2942 924 2996 buslibros
942 2944 1321 3010 p-xxvr.—lnmarg.Edd.

204 3025 272 3071 extr.
289 3033 399 3070 acumen
427 3014 573 3074 bominum,
600 3029 633 3064 ea
654 3010 752 3065 rimili—
777 3014 884 3065 Lambb.
907 3014 1043 3080 adscripta
1065 3020 1107 3065 ast
1129 3014 1163 3065 ad
1182 3017 1206 3063 h.
1222 3017 1241 3065 l.
1259 3033 1322 3069 cou-

204 3089 297 3141 tudiue
314 3088 405 3156 aliquo
421 3087 599 3137 coniecturum
613 3083 750 3136 modelena
776 3081 877 3135 iectura
910 3084 1078 3152 Explodatur
1112 3081 1224 3150 igitur
1255 3086 1322 3139 laea

203 3159 278 3209 modo
295 3156 358 3210 illue
376 3154 574 3209 ducentium.
592 3151 627 3203 K.
776 3170 885 3220 quoque.
903 3156 963 3206 Non
981 3155 1056 3206 male.
1074 3152 1126 3203 Sed
1139 3159 1227 3218 potest
1242 3155 1322 3209 etiam

187 3225 191 3232 ’
239 3228 270 3278 lu
284 3228 377 3279 variar
385 3234 479 3293 parter
488 3223 552 3276 duri
559 3220 654 3290 posiit]
665 3224 750 3288 Vulgo
776 3222 879 3275 initium
895 3223 970 3277 buius
985 3222 1081 3289 eapitis
1094 3222 1133 3274 ita
1152 3222 1274 3288 intelligi,
1292 3235 1321 3280 ut

199 3304 305 3363 potert3
340 3300 386 3350 sed
420 3294 503 3348 editio
531 3292 683 3345 lietorinoo
702 3302 750 3346 no·
775 3292 812 3344 sit
828 3294 901 3358 quasi
926 3288 1059 3351 ἀπόδοσις
1086 3292 1199 3343 omnium
1225 3310 1322 3361 eorum,

202 3374 282 3420 stram
299 3367 438 3420 lectionem
451 3368 643 3430 repraesentat.
661 3364 729 3416 Dav.
775 3376 843 3429 quae
868 3362 938 3415 dixit
961 3362 1024 3415 iude
1051 3377 1067 3413 a
1088 3362 1246 3427 praesertim
1263 3383 1322 3418 cum

237 3437 455 3505 quas-purrit,]
473 3433 492 3484 i.
507 3448 533 3483 a.
547 3447 613 3501 qnae
622 3431 749 3485 eiusmodi
775 3430 796 3482 ii
812 3430 881 3497 ipsi.-
897 3447 1050 3500 quamquam
1067 3431 1221 3484 adverbium
1240 3451 1321 3501 prae.

202 3513 253 3568 est,
270 3513 301 3558 nt
317 3505 409 3574 possit.
445 3500 544 3570 Scripsi
561 3510 646 3555 autem
662 3501 750 3568 poerit
775 3500 866 3552 sertim
884 3503 949 3554 baec
963 3499 1183 3569 praecedentibus
1193 3502 1321 3569 adiungit.

202 3592 236 3628 ex
253 3577 336 3629 Codd.
360 3577 405 3627 Cr.
429 3576 459 3626 1..
479 3589 505 3624 a.
531 3571 565 3622 P.
583 3573 622 3621 Μ.
643 3571 748 3623 Oxoun.
776 3572 830 3622 Mr.

202 3661 270 3697 omn.
288 3646 357 3698 Eua.
377 3646 438 3695 Asc.
449 3652 475 3696 2.
494 3643 567 3693 Crat.
580 3641 747 3693 Hermliob.
810 3640 887 3702 Num,
905 3647 941 3691 ut
956 3656 1018 3690 aare
1030 3641 1188 3707 loquuxourfi
1199 3643 1264 3694 Coti.
1274 3645 1320 3697 Cr.

202 3715 294 3780 Stepb.
307 3716 369 3767 All.
382 3716 459 3765 Holt.
480 3713 532 3765 Mr.
775 3716 801 3761 el
818 3723 868 3774 pro
891 3716 932 3761 ut.
951 3709 1018 3760 Inde
1039 3725 1056 3760 a
1073 3725 1100 3762 v.
1118 3709 1320 3765 imbecillitatem

236 3785 386 3853 Quidquam
403 3783 440 3833 sit
458 3777 601 3846 incertius]
623 3780 684 3831 Pal.
705 3795 747 3845 pr.
774 3786 887 3845 pergunt
904 3778 923 3831 ii
941 3777 1013 3839 libri,
1032 3794 1094 3844 quos
1106 3777 1197 3832 iudea
1211 3790 1318 3850 capos.

202 3853 311 3915 certius,
329 3852 396 3921 qnod
414 3852 501 3904 forsan
529 3850 694 3901 referendum
712 3849 746 3901 ad
774 3864 866 3913 magna
876 3849 995 3900 laborare
1011 3850 1102 3900 lacuna
1115 3848 1238 3904 diximus.
1254 3853 1319 3904 cod.

203 3937 301 3983 aarum,
319 3931 349 3975 ut
365 3921 512 3975 coniectura
530 3935 612 3986 aeque
625 3917 661 3971 sit
672 3924 748 3970 certa
775 3919 802 3968 S.
823 3917 923 3971 omittit
938 3917 1226 3985 oppressit-animer.
1249 3923 1303 3973 Mr.

203 4005 235 4043 ac
250 4008 344 4053 casns3
369 3996 416 4044 boc
433 3998 475 4043 eet
496 3988 684 4046 incertissima,
700 3987 748 4039 sed
809 3988 885 4053 Quod
901 3996 926 4039 et
944 3988 972 4038 in
995 3988 1034 4039 eir
1048 3987 1125 4053 ‚libris
1146 3989 1320 4058 dictumest]

202 4076 258 4111 enm
284 4060 379 4128 reliqui
402 4061 479 4113 codd.
503 4058 530 4112 ei
554 4075 604 4111 nou
628 4056 749 4124 adstipu-
775 4056 1002 4122 Praepositionem
1019 4073 1070 4109 non
1087 4068 1230 4121 agnoscunt
1243 4060 1320 4113 Codi-

203 4132 305 4193 lentnr,
329 4146 381 4182 non
406 4137 461 4192 est,
485 4129 552 4195 quod
577 4127 685 4182 librario
701 4126 748 4179 uui
774 4143 837 4189 ces,
863 4143 946 4193 eaque
975 4134 1062 4194 potest
1085 4128 1187 4181 abesse.
1221 4133 1319 4183 Forsan

201 4198 307 4252 nimium
325 4197 475 4251 tribuamus.
496 4201 577 4251 Grut.
775 4195 856 4260 igitur
873 4197 1036 4250 scribendum
1060 4198 1129 4263 quod
1145 4204 1172 4249 et
1189 4200 1229 4252 eir
1245 4201 1319 4253 libris
