2892 4842
1135 301 1200 366 055

155 624 316 748 Scriptus
337 673 386 728 est
406 666 458 727 hic
474 664 608 729 ilarneli
626 669 871 744 commentarius,
892 677 1054 749 antequam
1063 668 1199 731 aecundo

76 778 153 839 vice
175 776 337 856 prodirent
361 773 401 838 P.
428 773 525 834 Barros·
550 773 778 836 Praelectsoaec
810 778 844 836 in
867 775 1021 842 macno
1050 775 1089 838 de
1118 775 1198 837 Fato

77 884 217 944 atellam
244 878 400 962 (Parisiis,
433 878 513 959 apnd
540 878 930 960 inconcinnitates),
960 898 1038 959 quae
1068 879 1199 959 primurn

78 989 264 1066 prodierant
290 987 404 1048 ibidem
422 986 512 1048 la'a'til.
558 985 603 1046 lbi
632 1007 702 1048 cnm
734 987 853 1047 Renoua
882 985 1027 1047 nonnulla
1056 984 1197 1062 limbi,

78 1112 142 1153 non
164 1094 317 1154 nominato
338 1093 532 1166 adversario,
555 1092 819 1171 reprehendisset,
845 1091 914 1169 alla,
934 1110 1042 1172 presso
1063 1093 1198 1155 auctoris

79 1200 215 1274 nomine,
243 1206 278 1259 nt
298 1217 353 1259 sun
373 1198 563 1277 protulisset,
595 1199 684 1278 plura
714 1205 823 1260 contra
843 1204 979 1259 mentem
998 1198 1197 1264 sectandam-

80 1323 144 1382 que
170 1302 320 1377 moi,
353 1304 545 1385 saepiuscule
579 1306 671 1365 etiam
697 1304 870 1381 ciceronis,
909 1302 1123 1384 explicuisset,
1154 1304 1199 1372 lta
1308 1351 1311 1355 »

78 1411 199 1472 exarsit
223 1409 399 1487 tamam,
430 1409 554 1471 aliunde
584 1410 645 1471 inan
664 1397 761 1472 Remo
786 1411 898 1486 iratus,
925 1415 961 1470 ut
986 1408 1072 1470 edito
1091 1409 1199 1472 libello

79 1516 303 1596 quinquaglnta
324 1515 454 1576 duorum
475 1514 630 1592 loliorum,
663 1516 758 1597 pleno
784 1515 991 1578 conviciorum
1018 1523 1051 1576 et
1081 1515 1199 1578 irrisio·

78 1623 139 1698 nis,
154 1623 241 1694 ‚istas
259 1621 346 1683 Remi
366 1619 596 1683 Praeleotiones
624 1622 748 1700 penitus
774 1621 941 1684 concidere
961 1619 1198 1702 aggrederetur.

78 1728 253 1808 {asscriptus
274 1735 323 1788 est
343 1726 467 1788 libellus
487 1727 546 1787 itae
684 1778 688 1785 .

145 1833 207 1894 Ad.
227 1832 363 1894 Donata·
379 1831 559 1912 Quietae
578 1830 622 1891 ad
641 1831 708 1893 nat.
732 1830 884 1894 &worm
905 1832 944 1893 de
965 1831 1064 1905 Fato,
1089 1833 1198 1897 aam-

143 1960 199 2001 ana
216 1936 379 2019 qnondam,
399 1939 456 2017 qm·
473 1956 538 1998 non
556 1937 653 1998 oolam
667 1935 803 2018 Loga'cae
831 1958 908 2012 ease,
929 1937 986 1999 aed
1008 1940 1102 1999 enan
1119 1939 1197 2001 Da'a·

9 2033 12 2034 ⁷
145 2046 269 2107 lecta’cas
282 2043 390 2105 leaders·
407 2043 482 2104 cult.
508 2042 659 2119 Lutetiae,
686 2041 768 2123 apud
784 2040 972 2104 Michaclem
982 2040 1196 2120 vascosanum,

143 2152 192 2211 uin
213 2150 371 2226 laculata,
400 2148 440 2209 ad
460 2147 580 2228 insigne
599 2147 717 2212 Fontis.
739 2146 877 2214 Mnnvl.
898 2148 929 2210 4.
969 2147 1015 2210 lla
1034 2149 1197 2231 privilegio
1230 2169 1234 2178 ’

144 2274 238 2337 regns.
688 2299 691 2305 -

82 2361 140 2421 (ini
161 2358 321 2441 respoudit
342 2357 459 2420 Petrae
474 2356 603 2435 Rmnas,
620 2357 739 2421 adscito
759 2359 1065 2423 nomineAndomnra'
1079 2359 1196 2433 l'alaci,

83 2466 189 2528 libello
208 2466 319 2548 uiginti
340 2472 471 2545 quatuor
482 2465 670 2547 paginarum,
692 2466 821 2543 octonis,
842 2466 941 2528 animo
953 2463 1196 2543 commotissirno,

82 2573 185 2634 uerbis
205 2590 265 2634 non
286 2572 385 2634 miuus
407 2571 647 2645 contumeliosis,
676 2571 721 2631 ita
742 2577 844 2633 tamen
868 2572 1061 2651 plerumque,
1082 2578 1119 2631 nt
1140 2566 1196 2633 ad·

82 2679 250 2740 versarium
272 2697 333 2739 non
354 2678 495 2740 vinceret
522 2677 662 2757 quidem,
694 2674 751 2738 sed
778 2677 893 2739 vietum
922 2695 991 2739 esse
1012 2677 1194 2754 clamitaret,

83 2789 171 2845 recte
194 2790 296 2846 nmen
317 2802 389 2844 enm
407 2782 656 2863 reprehenderet
676 2782 849 2863 aliquoties,
864 2783 895 2844 in
910 2763 1017 2863 primis
1035 2783 1074 2844 ob
1086 2782 1195 2844 delen·

83 2888 199 2951 sionem
219 2889 343 2968 ineptae
363 2887 516 2965 lectionis,
536 2908 614 2969 qnae
635 2895 684 2950 eat
705 2908 733 2951 c.
745 2887 826 2952 Xlll.
854 2888 912 2969 [ea
929 2891 989 2951 aeto
1001 2888 1103 2950 aaron
1122 2907 1195 2951 nora

84 2994 300 3075 maoclesceaJ.
342 2992 399 3054 list
421 3000 525 3054 autern
545 2993 625 3055 haec
645 2992 744 3055 libelli
763 2993 940 3074 inscriptioc

145 3098 320 3162 Acarnan·
335 3099 445 3161 littaei
459 3098 634 3159 Admonitio
657 3097 701 3159 od
723 3097 900 3160 Andrianton
931 3096 1116 3171 mrneonm,
1132 3097 1194 3161 aa·

142 3207 228 3286 giam
242 3205 381 3265 Graecae
401 3204 527 3284 lingw
545 3202 757 3284 professorem.
795 3202 920 3264 Parisiis
940 3202 1021 3283 apud
1038 3202 1194 3266 Andream

144 3309 336 3372 Weclrelum.
356 3307 449 3369 loon.

85 3417 167 3494 Quae
188 3414 364 3477 Admonitio
392 3431 462 3474 cum
482 3410 670 3493 prodiisset,
704 3411 805 3474 denuo
822 3411 855 3473 ln
884 3429 1009 3476 arenam
1030 3415 1194 3478 descendit
1296 3432 1303 3445 ·

90 3521 255 3593 diambae
275 3520 350 3581 item
370 3513 584 3600 ψευδωνύμως,
600 3515 788 3601 deodegarii
800 3537 821 3579 a
843 3518 967 3595 Qaerma
989 3522 1194 3584 nomlneusua

86 3626 212 3707 (dequo
229 3624 290 3686 uid.
313 3623 348 3685 V.
360 3624 483 3687 Placca'a‘
499 3622 664 3685 tteatmm
674 3624 906 3706 Aaonpnmrum
921 3632 952 3687 et
966 3625 1194 3706 Pseudoaymo

85 3751 152 3793 non
167 3750 237 3793 cnm
259 3728 359 3811 praei
380 3728 457 3790 LA.
467 3727 611 3790 Fadum
629 3727 736 3791 llamlo.
749 3728 840 3792 ltoe.
853 3729 876 3792 i.
891 3749 931 3791 m.
953 3729 988 3792 T.
998 3729 1033 3792 ll.
1047 3749 1077 3810 p.
1088 3730 1193 3808 m),

86 3835 303 3919 septemdecim
332 3833 414 3896 loliis
442 3833 569 3895 llamnm
592 3833 788 3916 impugnans,
817 3855 878 3897 uon
904 3836 1002 3897 minus
1024 3835 1136 3896 acerbe
1160 3839 1194 3898 ct
1259 3901 1263 3910 ,

87 3942 255 4029 εἰρωνικῶς,
280 3940 421 4022 nequid
451 3939 573 4021 gravius
595 3939 711 4017 dicam,
748 3960 837 4021 qnam
863 3942 930 4023 ipse
958 3943 1042 4022 prins
1062 3940 1193 4018 iecerat,

87 4066 231 4128 quamque
255 4044 373 4107 Raaruaa
387 4045 600 4134 responderat.
640 4046 777 4128 cumque
790 4046 909 4110 Rornae
925 4047 958 4109 in
977 4045 1194 4108 Admonitione

87 4161 118 4215 et
129 4151 320 4214 defendisset
338 4169 422 4213 mam
442 4150 649 4228 latinitatem,
671 4156 704 4215 et
727 4143 952 4214 'l'urnelrianam
974 4152 1091 4233 aliquot
1115 4151 1193 4215 locis
