2892 4842
610 288 693 340 cur.
712 296 739 341 s.
1168 295 1232 356 em

116 467 293 547 appareat,
333 481 375 526 oo
400 461 505 528 inesse
539 460 678 550 quidem
704 462 834 530 videri:
860 475 898 530 ut
921 464 954 532 iu
978 486 1030 548 oo,
1055 467 1114 554 qui
1138 489 1230 533 rnor-

116 557 218 623 tifero
244 557 364 625 morbo
390 570 571 650 urgeatur,
610 583 727 629 verum
752 562 815 629 sit:
859 562 949 646 „Hic
975 563 1138 630 morietur
1161 564 1231 633 hoo

114 655 283 722 morbo:“
321 666 357 721 st
389 654 459 724 hoo
491 657 583 726 idem
615 660 643 725 si
669 682 750 727 vere
776 658 911 726 dicatur
946 660 981 727 iu
1010 683 1064 746 oo,
1102 661 1135 728 iu
1161 685 1230 749 quo

113 753 164 819 vis
188 752 297 820 morbi
322 766 414 822 tantu
440 775 506 823 nou
530 770 704 847 appareat,
730 758 839 825 nihilo
866 759 974 827 minus
999 759 1152 826 futurum
1178 761 1229 827 sit

113 851 166 917 lto
190 851 239 933 fit,
275 864 313 918 ut
337 857 555 923 commutatio
581 879 623 924 ex
653 879 735 925 vero
770 858 803 923 iu
832 856 957 924 falsum
989 880 1032 923 oe
1056 858 1090 924 iu
1115 857 1230 926 futuro

113 948 253 1037 quidem
296 950 366 1018 ulls
402 952 477 1020 fieri
512 956 627 1045 possit
688 957 795 1040 Nam,
843 955 1041 1038 „Morietur
1078 954 1229 1045 Scipio,“

112 1047 217 1113 tulem
249 1048 317 1114 vim
348 1049 473 1136 habet,
513 1064 568 1136 ut,
608 1075 813 1143 quamquam
856 1053 901 1119 do
936 1053 1052 1124 futuro
1083 1053 1230 1135 dicutur,

146 1261 271 1330 quianon
289 1270 473 1339 opportet]
492 1269 537 1323 Itu
556 1270 658 1322 correxi
720 1270 857 1337 mortifero
879 1270 983 1337 morbo]
1008 1270 1041 1323 ln
1056 1268 1232 1337 copp.viett.

112 1346 148 1383 ox
176 1333 310 1388 sedunus
344 1338 456 1400 Bromii,
491 1355 548 1391 cum
573 1356 658 1407 usque
686 1339 713 1392 b.
733 1340 773 1391 bis
790 1339 878 1394 verbis
895 1340 1056 1406 adscriptum
1073 1346 1115 1392 est
1132 1336 1232 1392 ἐπιθα-

112 1400 265 1457 sutisfocero
283 1406 367 1471 possit
386 1407 576 1474 Wopkensiuua
598 1411 659 1463 vui·
685 1409 791 1469 rariore.
825 1412 903 1461 Alex.
925 1411 1009 1493 Aphr.
1024 1416 1067 1463 51·
1099 1407 1126 1460 iu
1150 1406 1231 1476 prior.

111 1478 191 1538 guise
208 1472 331 1526 lectionis
350 1475 481 1540 defensio,
506 1494 589 1545 nequo
607 1482 659 1531 Da·
685 1481 787 1544 analyt.
806 1473 878 1530 ridde
892 1472 928 1537 ὠς
943 1481 986 1531 επὶ
1004 1475 1146 1537 νοσοῦντός
1163 1496 1233 1537 τινος

111 1539 215 1593 visiano
233 1542 313 1594 lectio
331 1561 347 1597 u
382 1545 483 1613 uopiaru
495 1547 563 1600 libro
575 1549 659 1599 firms-
685 1544 878 1607 ἐπιθανατίως.
899 1551 938 1601 De
953 1546 1106 1601 uiv.1.so.
1122 1553 1164 1600 6³.
1177 1552 1231 1598 est:

112 1615 166 1674 tur,
183 1611 250 1664 nibil
264 1620 351 1665 sutem
364 1564 472 1669 iacirius
484 1616 658 1685 fuerit,quam
685 1617 808 1684 quisunt
832 1617 918 1669 morbo
932 1648 961 1657 -
978 1617 1115 1682 mortifero
1130 1615 1231 1684 offecti.

113 1686 143 1730 ut
160 1679 240 1732 litera
257 1700 275 1734 o
292 1684 419 1738 transiret
437 1687 481 1737 vei
499 1684 526 1738 in
543 1705 562 1738 o
578 1690 621 1740 uel
632 1686 659 1738 in
687 1688 740 1737 Pro
749 1694 882 1754 urgeatur
900 1685 985 1738 Codd.
1001 1686 1063 1739 Par.
1081 1688 1116 1737 N.
1134 1688 1235 1737 habeut

111 1765 152 1799 re.
171 1751 269 1805 Contra
287 1751 471 1819 Wopkeusiuru
485 1762 556 1808 recte
573 1763 661 1808 mouet
685 1757 846 1822 urgebatur.
865 1757 911 1808 Cr.
940 1771 988 1821 pro
1006 1772 1114 1806 oerum
1132 1756 1167 1806 sit
1186 1758 1233 1806 bs-

112 1819 248 1872 Bremius:
265 1824 354 1884 „Num
372 1823 567 1878 immutabilitas
578 1828 660 1891 futu·
687 1826 734 1876 bet
750 1825 897 1877 idemtit·
930 1822 1060 1877 scribitur
1076 1825 1120 1875 bie
1137 1826 1233 1877 mori-

111 1887 153 1940 n‘s
179 1898 320 1956 propterea
349 1908 401 1944 uou
433 1892 540 1947 uidetur
564 1896 661 1958 inesse,
686 1901 744 1946 tur
762 1894 789 1948 iu
807 1895 925 1947 Codw.
943 1895 1020 1946 sede
1038 1893 1233 1960 snprsiiu.ud·
1280 1945 1283 1952 ,

111 1959 181 2024 quod
191 1961 292 2024 sutore
309 1976 361 2014 uon
371 1969 536 2028 appareant?
551 1963 659 2018 Minime
685 1963 769 2015 ditum
796 1971 853 2025 cst;
888 1962 915 2014 iu
939 1963 1003 2015 Cod.
1027 1965 1060 2012 R.
1092 1964 1233 2015 moriatur.

112 2043 186 2080 voro.
205 2030 258 2081 Sed
274 2030 350 2083 sicuti
364 2032 492 2084 factorum
512 2032 659 2088 immutabi-
686 2033 760 2084 Idem
778 2049 836 2084 mox
854 2032 979 2085 exbibet:
998 2040 1027 2083 ot
1043 2031 1092 2083 boe
1105 2034 1233 2099 quidem

113 2096 179 2149 litas
197 2097 223 2149 iu
250 2099 357 2152 dubium
380 2117 431 2154 non
449 2109 574 2166 vocetur,
598 2104 659 2171 quia
685 2104 754 2154 siue
771 2102 888 2153 dicatur.
906 2101 968 2155 Pur.
993 2109 1022 2154 et
1039 2102 1087 2153 boe
1103 2104 1233 2169 quidem

112 2183 145 2218 ea
161 2178 288 2233 appeten
306 2169 346 2221 its
367 2170 401 2223 do
418 2172 562 2224 futurorum
570 2174 658 2226 immu-
685 2172 710 2224 si
723 2190 785 2224 uere
800 2172 916 2224 dicotur.
930 2173 964 2224 Ν.
976 2178 1006 2223 ut
1023 2171 1075 2223 bic
1093 2173 1232 2238 quidem.

112 2236 247 2291 tabilitate
265 2239 412 2303 dubitatur,
429 2240 490 2309 quis
511 2240 536 2293 in
552 2241 591 2293 his
606 2260 658 2296 uon
688 2244 743 2294 Mr.

111 2315 250 2431 :diti
259 2310 510 2432 rudtrud
521 2314 668 2434 ”iiiiii
686 2309 1071 2433 mib'ifflbiim‘isffliii'
1087 2311 1234 2433 ’1ξὲὛῖ

112 2445 230 2512 obliqua,
252 2464 382 2515 uunquam
399 2456 487 2502 tumen
505 2449 598 2502 invitis
613 2460 660 2505 sut
687 2453 866 2508 Crat-Horu.
887 2451 958 2502 vau.
984 2456 1062 2502 tento
1083 2450 1125 2502 vis
1142 2449 1233 2501 morbi.

113 2516 231 2569 omuibus
259 2524 307 2569 aut
323 2517 427 2583 optimis
453 2518 594 2571 codicibus
618 2520 659 2574 iu·
687 2521 740 2573 Pro
768 2520 849 2572 nibtio
872 2519 959 2572 miuus
988 2521 1055 2573 Cod.
1081 2521 1125 2573 Cr.
1154 2520 1236 2571 babet

113 2584 236 2637 serendos
254 2585 390 2639 videtur.“
415 2591 463 2640 Est
477 2598 621 2656 appareret
632 2591 659 2642 iu
687 2590 797 2658 nibilo9.
825 2590 890 2641 Cod.
913 2590 948 2640 U.
971 2607 1029 2642 cum
1053 2590 1165 2641 mutatio
1188 2605 1235 2656 pro

113 2655 201 2706 Codd.
224 2657 269 2707 Cr.
289 2658 319 2708 Ι..
335 2673 359 2707 c.
373 2659 408 2708 U.
444 2656 522 2710 Viud.
544 2660 659 2712 B.Edd.
688 2659 863 2712 commutatio.
882 2659 947 2711 eoo.
963 2662 1004 2710 W.
1020 2660 1149 2726 uiiufleri
1161 2675 1235 2725 pos·
1338 2655 1349 2681 ⁸

20 2779 26 2790 ,
114 2725 247 2777 Asela·
272 2725 304 2778 Iu
321 2725 429 2792 reliquis
445 2736 586 2795 apparent,
609 2729 658 2782 uisi
687 2731 777 2793 sim,-
806 2729 853 2780 sed
881 2729 959 2780 litera
987 2746 1005 2779 o
1022 2736 1117 2797 puncto
1135 2735 1235 2782 notata.

113 2794 183 2860 quod
196 2794 264 2846 cou.
275 2796 338 2846 Par.
362 2797 442 2848 babet
461 2798 488 2848 in
504 2798 660 2866 quibusdem
688 2801 764 2852 Idem
780 2815 841 2849 oum
858 2800 1000 2850 moritur
1018 2800 1110 2866 scipio.
1129 2799 1183 2852 Mr.

114 2879 179 2914 noo
196 2880 381 2931 apparere:
400 2874 429 2919 et
440 2867 467 2919 iu
478 2869 659 2935 Copp.Victt.
726 2870 770 2930 Ut,
787 2885 941 2938 quamquam
964 2868 997 2920 de
1008 2872 1107 2936 futuro
1129 2866 1236 2935 dicitur]

113 2948 141 2986 ι.
160 2932 283 3000 scriptum
319 2943 375 2987 est:
412 2954 437 2987 c.
461 2946 592 3006 soporem
616 2936 661 2990 ubi
689 2937 802 2990 Dicetur
820 2937 969 2998 Lambinus,
987 2940 1034 2991 sed
1056 2937 1149 2991 meiius
1162 2937 1235 2990 dico-

114 3003 200 3055 nescis
217 3011 301 3055 utrum
325 3023 350 3055 e.
367 3004 496 3069 significet
520 3009 609 3069 codes,
627 3024 662 3059 ou
688 3016 745 3069 tur,
762 3014 791 3058 ut
802 3016 842 3060 ost
857 3007 883 3059 io
896 3009 982 3057 MSto.
997 3011 1132 3059 Uusmus.
1156 3006 1236 3059 Ιιαιηι-

114 3073 231 3139 corrige.
263 3074 399 3126 Posterius
416 3077 529 3129 voluisse
547 3076 661 3131 videtur.
687 3078 743 3129 bini
767 3076 925 3128 senteutiam
949 3079 1082 3142 pervertit
1108 3075 1237 3128 Ursinus.-

115 3141 210 3207 Pergit
227 3143 293 3194 coo.
310 3145 355 3196 Cr.
372 3162 406 3194 ue
423 3146 544 3208 inesse,
569 3148 616 3199 sed
634 3144 662 3198 iu
688 3164 748 3199 nam
764 3145 808 3199 vir
824 3147 870 3198 iiio
888 3146 998 3206 doctus,
1025 3164 1082 3197 curm
1101 3145 1127 3197 in
1145 3148 1237 3210 vulga-

115 3227 198 3275 murg.
217 3213 313 3264 babet:
333 3215 497 3267 abnecasse.
512 3220 542 3267 R.
557 3217 590 3266 U.
605 3232 662 3267 oeo
688 3218 723 3269 tis
745 3220 817 3267 esset
832 3216 947 3275 dicetur,
967 3217 1105 3278 legendum
1123 3213 1237 3269 coniecit

116 3280 212 3332 inesse.
236 3283 271 3335 N.
283 3285 345 3335 Pur.
363 3300 410 3334 oee
423 3303 539 3339 neeesse.
559 3286 661 3338 cous.
690 3286 798 3345 dicitur,
823 3287 861 3337 uti
877 3282 980 3350 quidem
1002 3285 1097 3336 dodum
1115 3284 1239 3338 ediderat

115 3351 198 3402 habet
213 3368 271 3403 neo
287 3353 399 3406 inesse
420 3355 523 3423 quidem
541 3355 573 3408 εἰ
589 3372 662 3407 vere
693 3355 836 3407 Wetors'ur.
861 3357 916 3405 Nos
930 3360 1018 3406 tumen
1030 3355 1236 3406 MSStosUrsiu.

116 3420 255 3473 dicotur
279 3423 307 3472 iu
339 3425 414 3483 coin
436 3443 486 3493 quo
509 3426 550 3478 ois
571 3425 662 3487 morbi,
690 3424 831 3479 Harloiun.
848 3424 1081 3487 lisposuerim·
1096 3422 1235 3491 sequimur.

115 3489 217 3543 omissis
235 3490 339 3544 verbis:
357 3493 482 3547 uideri-
494 3528 523 3536 -
535 3527 565 3535 -
576 3504 605 3547 ut
614 3496 663 3547 boe
691 3498 760 3548 Duo.

115 3558 194 3611 idem·
219 3562 300 3618 ,Cod.
322 3564 358 3612 N.
387 3583 481 3633 quous
504 3566 592 3618 videri
615 3581 664 3632 pro
726 3573 766 3626 ut,
787 3577 943 3632 quamquam
966 3564 999 3615 de
1023 3566 1122 3629 sutoro
1147 3563 1236 3615 dico-

115 3628 255 3699 quidem
271 3632 368 3683 videri.
387 3636 440 3687 ur.
691 3639 767 3701 tur,]
784 3636 827 3686 ite
842 3630 945 3699 scripsi,
966 3631 1140 3686 couiuuctivo
1152 3634 1237 3697 modo,

150 3701 192 3750 Ne
211 3699 411 3768 iuessoquidem
424 3703 527 3772 videri]
545 3702 664 3757 Lambini
690 3722 748 3757 cum
774 3704 889 3770 pendeat
913 3703 1009 3756 locutio
1035 3703 1070 3755 ub
1087 3709 1170 3753 ut-
1184 3720 1238 3754 ooo

115 3783 199 3835 euque
222 3768 322 3834 priores
345 3772 445 3842 siiquot
471 3774 549 3828 editt.
569 3791 602 3827 oe
618 3790 663 3827 ue·
688 3774 812 3842 possit.
831 3775 866 3824 Et
886 3770 923 3822 ita
941 3780 1001 3840 post
1019 3770 1238 3825 Davisiumdedit

114 3855 190 3891 cesse
206 3838 320 3906 quidem.
340 3843 419 3895 Grut.
692 3848 794 3905 Brem,
828 3848 891 3894 ants
917 3842 1051 3896 Davisium
1081 3842 1149 3894 Eud.
1175 3846 1236 3893 Asc.

150 3927 184 3961 oe
217 3908 333 3960 inesse
402 3915 468 3966 idem
490 3913 598 3980 uideri]
623 3916 662 3965 De
692 3921 754 3968 M.
773 3913 1238 3975 Vaii.Rum.Crut.Horw.Airl.‚et

117 3978 202 4031 Cocid-
233 3976 346 4031 iectioue
370 3999 422 4036 ram
445 3984 565 4036 diximus.
592 3982 662 4034 Scri·
690 3990 731 4035 est
750 3982 777 4035 iu
794 3982 877 4034 Codd.
896 3982 929 4030 U.
951 3982 996 4031 Cr.
1013 3983 1055 4030 W.
1073 3982 1104 4031 R.
1123 3982 1186 4034 Par.
1205 3983 1238 4034 In

117 4045 190 4100 bitur
217 4065 324 4101 neeesse
355 4050 382 4103 iu
401 4054 467 4105 Edd.
490 4057 553 4106 Cur.
570 4055 661 4119 Stepb.
690 4050 1237 4115 Edd.Car.Stopb.Sturru·Boui.Lumbi).

116 4119 192 4168 Ram.
206 4119 304 4170 Sturm.
314 4121 376 4172 Alo.
389 4122 465 4175 Boui.
479 4125 567 4176 Lamb.
582 4124 663 4176 Goth.
691 4120 983 4184 Gotb.Brut.Syib.ost
997 4116 1118 4180 uicorum
1132 4120 1159 4173 iu
1173 4120 1237 4174 reii-

118 4188 196 4240 Brut.
211 4189 284 4253 Syib.
304 4190 358 4242 Mr.
691 4190 748 4259 quis
767 4190 949 4242 diuturnus.
