2892 4842
137 234 140 239 ’
226 263 288 323 nnn
698 260 745 313 na
763 258 857 313 raro

224 433 294 501 lare
327 432 492 503 colemus:
525 426 585 501 aad
618 432 741 520 decet,
775 443 956 526 augentem
988 432 1139 525 liugnam
1173 434 1341 522 Latium,

223 579 337 641 litaturo,
354 578 395 633 itu
410 582 540 650 principio
558 590 583 636 et
594 585 652 650 fine
671 598 763 633 coren-
790 581 828 632 cie
846 581 873 632 iu
891 574 1186 649 prircieexemplaribnr
1194 591 1340 638 nooman
1444 597 1446 610 ⁴

224 658 275 702 tem
287 652 324 703 od
335 658 453 704 nortrnrn
468 662 579 705 nelnlern
587 651 766 720 paromoeon
793 665 896 715 aemper
911 651 1138 718 recteaoriptum,
1156 659 1339 722 praeterquam
1445 671 1446 690 ¹

222 722 277 785 Ego
293 719 320 774 iu
338 721 386 774 hac
407 723 560 790 quaortione
575 739 633 776 cum
646 720 766 774 Schiitcio
792 720 861 788 quod
875 718 1007 784 egregium
1023 719 1197 786 eigniticatnm
1212 724 1300 785 habet,
1310 730 1340 777 ut

225 790 302 842 facio.
322 791 375 843 Mr.
793 790 839 843 vix
851 788 926 842 credi
943 786 1027 854 poerit
1049 798 1165 844 erratum
1185 807 1243 843 eece
1258 792 1338 845 libra·

258 860 386 929 DeFoto]
409 862 580 926 cognovimne
597 859 764 929 ernntiquia
792 859 845 911 rii:
864 858 921 920 eud,
939 864 969 910 ut
989 860 1115 923 arbitror,
1142 860 1247 915 nonnae
1263 862 1339 915 lruina
1444 885 1446 888 ·

221 929 415 996 exemplaribua
441 933 509 985 hunc
534 931 646 995 librum,
676 946 765 997 quem·
793 927 875 988 vocis,
891 934 920 981 et
936 925 978 979 rei
995 930 1154 997 rationisque
1171 929 1253 995 ipeiur
1267 931 1338 996 igue·

221 1000 357 1053 admodum
376 1000 464 1053 multia
481 1001 521 1054 oni
545 1000 665 1069 partimin
687 1008 765 1052 votn-
792 996 862 1050 ratio
881 997 1101 1066 induxitaliqnem
1113 1000 1294 1061 recentiorum,
1308 1005 1339 1053 ut

222 1076 292 1123 atate
310 1071 382 1121 lacer
399 1075 427 1121 et
444 1071 550 1124 mntilne
566 1069 764 1132 caninorum
792 1083 850 1120 eam
868 1068 979 1127 doleret,
997 1073 1027 1119 et
1043 1070 1119 1130 hanc,
1136 1085 1203 1136 quae
1216 1070 1243 1122 in
1255 1068 1337 1123 omui·

222 1136 351 1208 principio
375 1155 482 1202 οοοοοος
506 1142 573 1208 quod
599 1157 632 1191 or
657 1141 765 1207 pervul-
793 1139 841 1190 bue
857 1153 927 1189 nunc
946 1135 1080 1203 impransi·
1096 1138 1255 1202 inoleverat,
1263 1154 1337 1206 repo·

222 1208 292 1275 gutia
323 1224 423 1277 qnoque
450 1208 541 1271 libria,
569 1208 592 1262 ei
623 1209 766 1273 diligenter
791 1212 879 1260 neret.
902 1205 1044 1259 iictorinr.

222 1278 305 1347 prima
322 1277 378 1330 eiua
395 1278 651 1331 rerbaconriderala
665 1285 764 1342 meent,
824 1275 895 1340 Quia
902 1276 1019 1342 pertinet
1052 1278 1084 1329 In
1100 1279 1166 1342 Rog.
1183 1285 1212 1330 et
1226 1280 1336 1332 mone.

222 1347 398 1403 animadverti
429 1347 531 1414 potuit:
565 1350 682 1418 quamvis
701 1365 765 1400 nou·
792 1344 830 1397 sic
847 1344 941 1411 incipit
959 1347 1008 1399 hoc
1037 1346 1087 1399 ibri
1105 1349 1139 1400 de
1158 1347 1213 1399 iato
1224 1349 1337 1401 hceruna

222 1416 305 1481 nulli,
329 1422 359 1469 ut
383 1417 431 1469 hoc
454 1416 546 1469 vitiorn
568 1424 698 1484 tegerent,
716 1433 766 1485 pro
791 1416 981 1478 fragmentum:
1008 1418 1079 1485 qnod
1095 1435 1113 1469 a
1133 1418 1245 1469 Graecia
1261 1421 1337 1486 logor

221 1487 272 1549 ilii,
297 1486 395 1538 Graeci
419 1484 598 1552 aoriprieaont3
622 1503 689 1555 qnae
714 1503 766 1540 vox
792 1484 912 1547 dicitnr,
934 1501 952 1535 o
976 1485 1050 1538 nodie
1077 1487 1149 1539 ratio
1172 1490 1338 1548 nominenturr

220 1555 360 1610 meniieeto
389 1556 476 1617 docet,
498 1556 532 1607 de
559 1557 668 1611 Graecia
686 1572 766 1622 anpra
792 1553 894 1623 longine
911 1570 973 1606 nero
990 1555 1062 1608 rotio
1078 1558 1235 1610 teremit
1267 1557 1338 1623 oute

220 1626 300 1679 etiam
317 1624 472 1677 montionem
498 1640 557 1678 οοοο
575 1629 680 1681 fartam.
711 1625 765 1678 Sed
792 1641 854 1677 nero
870 1623 989 1691 pertinet
1005 1627 1044 1678 od
1059 1642 1144 1680 moror
1162 1634 1215 1679 etc.
1242 1629 1285 1680 Ab
1298 1626 1338 1679 iu-

221 1712 274 1751 non
292 1712 351 1748 erae
368 1697 416 1748 noc
430 1694 495 1749 retia
521 1695 640 1750 idoneum
657 1701 686 1750 et
704 1711 766 1748 con-
792 1695 912 1761 eptiente
931 1695 1060 1757 librario,
1088 1712 1141 1750 nou
1164 1712 1181 1750 a
1205 1695 1339 1761 Cicerone,

221 1765 325 1822 cinnum
347 1764 408 1818 libri
432 1762 534 1818 initium
565 1765 654 1821 multia
681 1764 766 1818 modia
793 1762 918 1834 profluxit
935 1765 1153 1819 additamentum.
1172 1767 1241 1818 Deo.

221 1833 336 1905 perepici
352 1839 449 1902 poten.
483 1835 595 1904 Scriprit
609 1837 690 1890 etiam
701 1835 766 1888 Plu-
826 1834 1067 1901 Qniopertinetnd
1079 1852 1172 1901 morer,
1186 1825 1338 1904 qnodbdoc

221 1905 333 1961 turcian
349 1904 444 1957 librum
457 1907 517 1971 rapi
538 1905 708 1976 οἱμαρμένης,
720 1903 765 1972 qni
792 1903 833 1957 iili
850 1906 964 1971 norunt]
980 1907 1029 1957 Eat
1045 1922 1061 1959 a
1079 1922 1140 1957 mae.
1157 1905 1268 1966 noetria3
1291 1907 1338 1956 fir-

220 1992 274 2032 non
287 1972 436 2027 dieaimilena
450 1976 578 2030 fortunam
587 1975 763 2029 tortituaert:
791 1972 925 2055 matituna
950 1974 1046 2027 dudum
1078 1972 1194 2027 editione
1227 1989 1272 2027 aua
1304 1976 1338 2026 Ρ.

220 2063 280 2101 nam
298 2043 354 2110 ipae
372 2060 406 2095 ea
424 2044 520 2097 maiore
538 2047 577 2099 eui
590 2043 764 2113 parteperiit.
792 2042 936 2096 Victorino.
964 2043 1095 2097 Palatinis
1122 2060 1171 2109 ego
1196 2059 1256 2097 miae
1280 2059 1338 2097 eum

219 2115 369 2171 Alaunder
385 2120 473 2167 antem
484 2113 697 2182 Aphrodisienair
710 2129 767 2165 me-
791 2112 887 2167 tribue.
917 2113 1074 2167 Gulielmiua
1090 2111 1225 2168 variamen
1242 2113 1338 2166 lectio-

215 2178 288 2241 Ἰἰοοο
311 2185 365 2238 fato
388 2184 481 2237 librum
507 2186 540 2237 de
564 2188 620 2239 fato
642 2183 765 2251 acripoit3
791 2199 840 2237 nee
866 2179 1010 2249 adacriprit
1032 2182 1195 2265 marginibus
1218 2198 1234 2235 e
1263 2182 1339 2236 libria

219 2270 329 2324 namque
353 2253 457 2320 integer
484 2262 514 2308 et
547 2254 712 2321 incorruptae
738 2252 766 2304 in
792 2256 820 2306 S.
839 2250 972 2315 Victoria,
999 2253 1134 2307 Francnoi
1160 2251 1283 2313 Pithoei,
1309 2258 1339 2306 et

221 2324 279 2378 vita
302 2325 456 2391 permonuit.
495 2326 528 2377 In
560 2327 608 2377 hoc
638 2324 766 2392 quaedam
794 2319 925 2376 Francieci
962 2321 1090 2375 Fabricii.
1122 2323 1234 2387 vulgata
1260 2322 1339 2376 lectio

219 2392 404 2459 mensurium
439 2410 490 2461 ope
518 2395 652 2448 meliorum
682 2391 766 2446 Codi-
791 2392 880 2451 habat,
888 2385 1023 2460 quonian
1031 2390 1337 2444 Groneiooeonmlrat.

219 2481 294 2520 cumr
312 2463 360 2516 aed
385 2478 463 2517 nuum
486 2479 538 2517 nou
561 2463 637 2533 parvi
661 2461 766 2515 omuino
825 2461 890 2531 qnia
917 2461 1037 2528 pertinet
1063 2463 1100 2515 nd
1122 2463 1225 2530 rnorer]
1252 2462 1335 2515 eodo

219 2532 350 2593 momenti,
368 2539 399 2585 nt
412 2533 556 2602 opinamur,
567 2541 696 2602 percepto
714 2530 766 2584 rci-
792 2531 845 2584 Ox.
859 2534 892 2582 E.
910 2536 940 2583 et
951 2541 989 2593 vn.
1008 2531 1139 2600 incipiunt
1161 2548 1231 2602 qeee
1253 2527 1339 2598 perti·

219 2606 284 2659 lieet
315 2603 404 2653 multia
430 2604 513 2664 locia,
549 2603 594 2657 ubi
618 2608 765 2672 praecepto
790 2608 863 2653 nent.
888 2598 957 2653 eol.
980 2602 1017 2652 N.
1042 2600 1161 2670 partinet
1185 2600 1289 2655 uounin
1309 2599 1340 2656 in

218 2679 298 2727 antae
315 2668 438 2736 cerintum
454 2678 530 2733 erat3
548 2672 587 2726 ita
605 2673 674 2725 enim
693 2676 765 2722 θεω-
790 2669 907 2735 margine
927 2670 1017 2723 habat.
1038 2674 1092 2726 Mr.

218 2741 326 2811 ρήματα
345 2737 437 2792 Cicero
453 2740 656 2807 interpretatur,
685 2741 764 2793 docte
824 2741 896 2806 Quor
921 2730 1012 2808 ἦθος]
1052 2743 1137 2806 Vulgo
1160 2741 1230 2810 qaod
1255 2730 1338 2806 ἦθος.

218 2827 283 2865 rane
300 2815 329 2863 et
345 2809 499 2874 eleganter:
518 2826 578 2863 nam
599 2808 764 2877 θεωρήματα
790 2809 856 2871 Alii,
871 2826 937 2877 quor
953 2803 1021 2878 ἤδη.
1048 2813 1104 2863 Noe
1121 2817 1210 2864 autern
1228 2807 1337 2863 Balliol.

219 2877 336 2949 manavir
354 2884 382 2931 et
399 2878 458 2946 ipra
470 2881 764 2947 protendantur‚tarneu
790 2877 908 2946 alioeque
925 2883 1032 2933 veterna
1060 2882 1170 2933 MSStna
1191 2894 1249 2932 cunr
1268 2881 1337 2931 Vem

218 2949 324 3015 cognita
341 2945 392 3000 iam
410 2957 439 3002 at
454 2957 575 3016 spectata
592 2956 662 3004 eunt.
686 2950 765 3001 Unde
792 2955 869 3004 lttl·
887 2950 1035 3016 aequandos
1058 2948 1192 3012 durium
1210 2947 1338 3018 siquidem

216 3022 305 3073 rolant
329 3019 510 3074 Mathematici
538 3019 567 3073 in
594 3022 646 3071 lina
675 3034 764 3072 eorum
790 3010 873 3086 ἦθος,
888 3034 941 3071 non
959 3020 1041 3072 minua
1058 3033 1090 3071 ac
1105 3013 1172 3087 ἤθη,
1189 3036 1274 3071 uterer
1291 3020 1338 3071 de-

217 3086 445 3143 damonrtrationir
463 3106 566 3157 comper
580 3088 679 3152 dicere,
694 3089 765 3158 qnod
790 3094 874 3141 notat.
891 3086 1174 3155 VideQniactilimer
1184 3089 1337 3143 lunone

218 3159 336 3228 oportuit
371 3160 534 3221 natendiare3
565 3175 624 3211 cnm
652 3160 764 3212 Probie·
793 3173 833 3219 vl,
849 3166 875 3212 2·
893 3158 963 3211 Duo.

217 3228 332 3283 matibur
350 3228 492 3294 explicatio
518 3228 668 3289 conficiant,
693 3230 765 3299 qnod
824 3229 910 3297 qnod
937 3218 1009 3297 ἦθος
1026 3226 1067 3281 ilii
1082 3229 1196 3296 mont]
1225 3226 1339 3283 Variaut

217 3301 334 3367 oportuit
352 3296 472 3366 serino.-
495 3306 524 3354 et
541 3298 569 3351 in
586 3300 634 3353 hoc
651 3301 763 3353 maxime
791 3296 833 3350 nie
851 3296 925 3350 iibri.
943 3296 989 3352 alii
1007 3300 1106 3352 habent
1120 3314 1186 3366 paor
1201 3292 1269 3366 ἢθη,
1289 3296 1340 3350 alii

218 3368 342 3422 differant
365 3371 528 3422 theoremata
553 3384 569 3421 a
592 3368 764 3435 problemati·
790 3384 856 3434 quor
872 3361 971 3436 ἦθος,
992 3370 1100 3433 vulgata
1124 3370 1174 3421 lior
1190 3371 1278 3421 recnle
1297 3369 1338 3419 le·

217 3439 281 3497 bna,
307 3438 375 3506 quod
408 3437 434 3490 in
463 3439 668 3491 theorematium
695 3439 765 3491 ratio
790 3437 844 3489 ctio
861 3435 912 3489 init
928 3437 999 3506 qaod
1013 3428 1097 3504 ἦθος.
1120 3437 1245 3491 Daririna
1262 3435 1340 3491 dedit

217 3514 318 3564 tanturn
342 3505 418 3560 reddi
441 3509 553 3569 debeat,
584 3524 630 3561 cnr
655 3506 693 3560 ita
718 3507 764 3570 eit,
790 3524 855 3574 puer
872 3499 952 3574 ἦθος,
970 3507 1141 3575 putabatque,
1158 3524 1224 3575 paee
1240 3522 1338 3561 eonve-

216 3594 273 3632 cum
291 3576 409 3631 riutilio
432 3578 484 3631 ium
500 3584 627 3646 percepta
650 3582 679 3629 et
703 3592 765 3643 epo-
790 3575 850 3628 niro
874 3577 957 3631 verbo
983 3567 1070 3643 ἦθος,
1097 3592 1148 3644 quo
1178 3592 1231 3631 non
1252 3575 1337 3630 minna

217 3653 310 3708 ctata;
335 3647 362 3701 in
392 3644 448 3699 illie
479 3661 565 3703 autem
592 3646 764 3700 fabricandae
790 3661 876 3698 morea
904 3645 1101 3713 exprimantur,
1134 3660 1210 3714 quam
1239 3642 1337 3715 plurali

216 3717 270 3771 rint
286 3715 484 3782 deeoriptiouee.
502 3718 554 3770 Sed
571 3717 622 3768 hae
640 3724 765 3769 nunaunt
788 3708 857 3783 ἤθη.
880 3714 933 3766 Sed
951 3715 979 3768 id
996 3713 1073 3766 nihili
1091 3721 1143 3770 eet.
1161 3717 1233 3770 Vera
1248 3713 1339 3770 latini·

216 3785 763 3854 euiurnmporiequaenlonee2qottamen
790 3792 833 3838 tae
850 3785 969 3852 pomula
985 3784 1054 3853 qaod
1078 3777 1166 3853 ἦθος,
1195 3786 1274 3855 idque
1289 3798 1338 3836 noa

216 3860 280 3910 haec
301 3856 369 3910 acira
397 3856 477 3922 onpit,
505 3858 629 3911 Proetum
654 3853 762 3920 lycium
789 3853 962 3907 serravimna.
1002 3853 1030 3906 si
1055 3846 1113 3922 ἤθη
1135 3870 1228 3909 verum
1258 3860 1338 3915 erret,

216 3928 297 3981 adeat
313 3923 538 3991 diligentiorimam
549 3925 762 3978 anlidr'rintor-
790 3925 902 3976 deberet
920 3939 978 3974 aere
995 3938 1063 3991 qnae
1080 3918 1148 3994 ἤθη.
1166 3925 1338 3978 Erre-Re·

216 4004 336 4065 proteum
363 3998 428 4048 haec
445 3996 514 4050 euim
543 3995 590 4049 illa
612 3995 717 4062 copioee
733 4000 761 4047 et
789 3992 878 4047 rtitait
895 3992 1016 4046 Bremiur
1036 4010 1115 4062 paor,
1138 4010 1262 4059 mmene,
1286 3997 1339 4045 lir-

215 4066 321 4119 erudite
353 4070 463 4118 tractat.
507 4064 640 4121 Quomodo
673 4070 762 4117 autem
789 4071 891 4117 neriam
916 4062 1028 4117 oblitum
1054 4077 1114 4117 erre
1140 4079 1246 4127 eorum,
1306 4078 1338 4116 aa

211 4140 358 4204 praecepto
473 4135 555 4200 ’ματα
576 4134 653 4188 reddi
670 4141 762 4200 potue·
789 4132 939 4201 acripaireet
955 4134 990 4186 ad
1009 4133 1088 4187 Orat.
1114 4148 1139 4185 c.
1157 4148 1199 4187 ar.
1227 4136 1240 4200 [
1289 4131 1339 4185 'le

215 4205 278 4265 rint,
296 4201 427 4258 meinzo
478 4208 526 4256 lion
542 4210 596 4257 taur
613 4204 702 4256 multia
719 4206 761 4255 lo·
789 4203 857 4255 eniri
873 4202 911 4255 iet
928 4205 990 4255 Ere.
1009 4201 1195 4270 difficillimam
1215 4204 1337 4268 mser·
