2892 4842
261 318 300 358 xx
706 298 766 359 ΙΝ
789 288 955 358 θἘΧ.
1083 302 1092 325 “

260 463 360 525 conda
385 438 609 544 conspirandum
640 463 852 543 deprehendi3
880 464 925 525 lta
958 470 1078 539 umen,
1117 471 1167 539 ut,
1197 462 1368 551 ubicunqne

260 563 329 623 lere
354 565 391 624 ab
422 572 552 643 utraque
589 563 771 632 recederet,
808 562 848 622 ad
876 562 1042 623 editionem
1067 562 1213 623 Venetam
1235 562 1316 623 lici
1335 580 1368 622 sc

260 660 440 741 applicaret.
469 661 704 724 Contulithonc
719 660 865 722 codicem
875 660 1059 723 husardus
1076 662 1256 736 dicum,
1274 661 1368 722 Semi

260 763 337 861 naril
350 761 538 844 philologici
550 760 824 840 heidelbergensis
844 759 966 822 sodalis.

323 875 372 939 lv
397 875 468 937 turi.
486 875 575 936 P.-
596 875 682 936 Petri
696 874 840 947 Prthcelr
861 874 913 955 qui
933 875 1023 937 unlus
1043 875 1177 950 codicis,
1199 844 1284 938 cuius
1301 875 1369 936 nul

261 977 322 1037 lam
347 976 473 1037 exhibet
496 974 645 1049 notitiam,
674 974 825 1035 lectiones
852 975 1040 1054 (inspectis'
1029 993 1061 1037 ιιι
1086 976 1162 1037 locis
1183 977 1369 1056 gravioribus

260 1078 379 1138 dnobus
393 1075 460 1135 eliis
478 1072 565 1145 libris
586 1070 680 1155 vett)
703 1073 834 1153 margini
852 1074 996 1136 editionis
1017 1075 1228 1137 Lambiniunae
1247 1076 1370 1151 adierit,

261 1196 339 1257 quae
359 1181 501 1236 seruatur
517 1176 550 1234 ln
574 1171 762 1233 bibliotheca
782 1172 968 1235 Academiae
990 1174 1269 1257 Heidelbergensis.

322 1289 358 1350 V.
382 1289 452 1351 Cod.
472 1287 513 1350 R.
531 1323 567 1334 -
592 1286 864 1368 Rcbdigeriaurca3
896 1298 1079 1367 procurante
1102 1290 1269 1352 Francicco
1292 1288 1371 1351 Pas-

260 1393 362 1463 acwio,
373 1388 445 1449 Viro
455 1388 640 1464 Clarissimo,
650 1386 831 1449 Professcre
847 1385 1095 1450 vratislsviensi:
1115 1379 1248 1470 priorem
1263 1391 1371 1452 librum

261 1490 393 1552 contulit
428 1488 499 1550 Car.
525 1485 740 1560 soluendum,
771 1482 1015 1561 Meseritiensis;
1046 1490 1248 1567 posteriorem
1276 1488 1372 1551 Ιιιίιίιε

261 1588 354 1664 Helu,
376 1587 566 1668 0pcliensis,
594 1595 728 1667 uterque
756 1583 917 1647 Seminaril
935 1586 1114 1668 philologici
1130 1588 1372 1651 Vrstislarieusis

261 1687 386 1751 sodnlia.
416 1688 482 1765 Quo
501 1686 541 1748 de
559 1686 674 1747 Codice
701 1704 770 1747 cum
792 1685 825 1746 ln
848 1683 1042 1748 Pmeiatione
1057 1687 1096 1748 ad
1112 1707 1195 1749 suam
1216 1687 1373 1749 Ciceronis

262 1787 302 1849 de
324 1787 442 1849 Nutnra
458 1786 591 1848 Deorum
613 1785 778 1846 aditionem
791 1804 820 1863 p.
837 1783 955 1866 Vllsq.
977 1787 1052 1848 sutis
1067 1786 1268 1867 disputaverit
1278 1782 1372 1848 Hein-
1433 1856 1437 1863 ,

144 1884 147 1891 ’
261 1886 386 1965 «lortius,
407 1907 467 1948 nou
489 1893 553 1963 eat,
577 1883 657 1964 quod
673 1883 762 1963 plura
784 1883 823 1944 de
845 1885 914 1964 ejus
939 1883 1079 1947 laudibus
1099 1889 1207 1948 dicam.

323 2004 372 2064 vl.
398 2001 468 2063 cod.
480 1999 524 2061 M.
537 2036 575 2048 -
590 1998 786 2083 Monacemis
797 1998 833 2059 N.
847 1997 926 2061 2772
948 2019 1048 2079 quem,
1064 2000 1220 2064 Creuzcro
1234 2012 1373 2084 rogante,

172 2098 176 2105 ’
261 2102 393 2165 contulit
422 2098 622 2171 Loubeclrics,
651 2097 941 2160 Franco-Bavurus.
976 2099 1078 2161 llsbet
1102 2100 1154 2162 hic
1179 2103 1258 2164 liber
1278 2104 1374 2166 mults

261 2201 428 2283 praeclara,
451 2198 599 2279 quaedam
620 2196 805 2293 singularia:
831 2217 924 2278 saepe
948 2217 1018 2259 cum
1037 2200 1158 2280 optimis
1176 2202 1350 2281 concordat.

321 2308 464 2376 til-X.
486 2312 583 2374 codd.
596 2313 630 2372 L.
636 2334 662 2373 a.
671 2313 699 2373 b.
707 2332 735 2374 c.
746 2345 787 2359 -
798 2311 974 2377 Leidensem
1003 2314 1050 2376 be
1064 2316 1172 2396 quibos
1183 2318 1226 2379 itu
1238 2317 1374 2392 Gordius,

261 2414 314 2478 l'lr
330 2412 531 2489 Clarissimus,
547 2410 707 2474 Professor
723 2412 892 2489 Leideusis‚
919 2415 950 2475 lu
969 2415 1099 2494 epistola
1116 2414 1266 2501 Lugdnno
1281 2416 1372 2510 llata-

261 2534 367 2577 sorum
388 2513 433 2594 [d.
447 2531 513 2574 xxv.
527 2512 581 2573 lul.
599 2511 703 2592 leti]
723 2511 763 2570 ad
784 2511 972 2575 Creuaerum
993 2514 1084 2576 data:

292 2700 296 2707 ,
325 2629 438 2705 „eon
459 2646 488 2689 c.
514 2626 610 2709 [l'oss.
631 2625 696 2687 lnt.
711 2624 753 2685 io.
775 2645 823 2688 no.
841 2627 892 2687 84.
905 2627 1001 2690 catat.
1017 2649 1048 2709 p.
1058 2627 1140 2709 dil]
1161 2628 1314 2691 continet:
1333 2631 1376 2693 de

263 2726 392 2790 Natura
402 2728 539 2789 Deorum
558 2726 652 2787 libros
669 2723 735 2801 lll.,
757 2727 797 2788 de
813 2727 1012 2791 Divinotrbne
1028 2729 1123 2790 libros
1139 2727 1188 2803 ll.,
1211 2727 1376 2808 limorum«,

263 2829 304 2891 de
318 2828 408 2904 Fato,
426 2827 545 2908 lupara,
560 2824 742 2898 Pcrcdoro,
755 2825 935 2901 ΙιιιοιιΙΙιιηι,
951 2827 992 2889 de
1006 2826 1140 2910 degibus
1157 2828 1250 2891 libros
1262 2829 1334 2891 lll.“

323 2930 438 3018 „dori
461 2940 489 3001 b.
517 2939 620 3020 [Voss.
640 2940 706 3002 Lat
735 2941 776 3003 fo.
794 2961 843 3004 no.
866 2943 913 3003 14„
943 2942 1040 3005 catol.
1063 2942 1199 3024 pm]
1221 2945 1377 3009 contincta
1409 2914 1414 2922 .

267 3040 389 3103 Ίιιιοιιὶ.
407 3038 825 3116 ρυαωὴιιηειςΕόησιΒοη.
848 3048 878 3103 st
893 3041 987 3114 Malu
1014 3043 1143 3124 officior
1166 3041 1378 3119 Seruatum,-

9 3182 11 3211 ι
144 3169 148 3175 v
262 3140 455 3210 Aaronom
482 3137 585 3199 amun.
612 3137 784 3221 upon„
812 3140 850 3202 ue
870 3142 940 3203 on.
961 3143 1025 3203 un.
1048 3142 1085 3204 ιι.
1118 3145 1198 3207 orn·
1223 3145 1379 3222 nsunt

263 3239 517 3301 bibliothecarum
540 3238 727 3301 lloistelierii
752 3246 786 3305 et
816 3241 1010 3303 Thesenotii.
1052 3242 1112 3304 Est
1128 3244 1379 3309 membranaceus

263 3339 294 3401 in
308 3338 350 3398 io.
364 3337 432 3397 mai.
446 3356 507 3399 non
522 3337 606 3398 ultro
626 3339 780 3400 saeculum
796 3338 860 3400 XV.
883 3341 1063 3402 ascendens.
1092 3343 1267 3421 Quanquam
1279 3343 1380 3422 pessi·

180 3460 184 3465 ’
263 3458 328 3500 mas
347 3437 399 3497 hic
420 3436 500 3497 liber
517 3437 627 3499 munitas
648 3438 743 3500 hebet
757 3438 923 3513 lectiones,
945 3448 979 3502 et
996 3441 1173 3521 ineptiores,
1195 3460 1283 3519 quom
1296 3461 1381 3521 qnae

260 3536 424 3601 memorari
455 3536 626 3614 deberent,
659 3539 771 3617 quippe
801 3539 959 3617 exipsius
990 3540 1107 3603 librarii
1132 3538 1257 3601 inscitia
1277 3551 1382 3620 ortae,

262 3657 324 3723 pon
344 3636 466 3698 intimae
485 3644 587 3699 tamen
612 3644 702 3699 notnc
729 3638 933 3717 antiquiorem
957 3638 1069 3699 librum
1092 3644 1217 3700 secutus
1240 3659 1309 3700 esse
1331 3641 1382 3700 ri-

263 3737 366 3799 detur.
415 3734 562 3799 Ceterum
593 3738 631 3797 nb
663 3737 819 3798 erroribus
853 3739 1045 3819 corrigendis
1076 3738 1198 3798 omnino
1228 3740 1385 3805 abstinuit

128 3834 132 3837 ’
262 3834 415 3911 librarius,
438 3835 542 3913 credo,
562 3856 603 3898 ne
620 3836 752 3898 nitidum
779 3836 904 3913 librum,
931 3839 1091 3919 eleganter
1112 3838 1270 3918 scriptum,
1294 3846 1328 3900 et
1345 3840 1385 3905 iu

213 4014 215 4017 Ι
263 3936 412 4013 cuiusque
442 3936 512 3997 libri
543 3937 631 3996 initio
661 3935 826 4014 pigmentis
854 3938 1046 4017 rubricisque
1078 3948 1235 4013 ornatum,
1273 3937 1385 4002 lituris

263 4042 490 4115 conspurcaret.
544 4035 606 4096 Ubi
635 4034 755 4095 Graeca
779 4036 926 4097 vocabula
950 4037 1113 4101 scribenda
1142 4038 1276 4114 fuerant,
1308 4057 1384 4117 apo:

262 4135 339 4196 tium
367 4136 511 4198 relictum
537 4141 605 4195 est:
649 4133 796 4199 videntur
825 4135 920 4214 igitur
949 4143 1056 4218 postca
1086 4139 1249 4202 inserendo
1272 4136 1386 4202 iuius
