2892 4842
581 315 663 367 cae.
681 325 707 370 a.
1143 321 1206 385 soe

284 433 300 464 0

93 488 174 574 bus,
206 496 245 556 nt
276 487 324 553 ita
354 508 413 560 sua
446 499 612 579 percepta
645 490 880 580 pronuntient:
915 488 975 575 ,βὶ
1006 494 1082 579 quis
1106 503 1204 562 natus

94 597 146 654 est
172 586 300 654 oriente
336 582 522 673 Canicula,
559 589 587 654 ia
624 589 658 655 iu
691 589 776 655 mari
808 608 873 654 uon
906 589 1116 659 morietur:“
1143 590 1204 661 sed

78 685 207 776 potius
236 686 284 751 ita
307 682 441 752 dicant:
473 687 571 772 ‚an
597 697 632 768 et
655 698 753 764 natus
779 695 834 775 est·
850 686 1079 784 flait„.9„rit¹¹t⁰
1104 681 1233 759 cani-¹

94 783 183 868 enla,
211 791 250 849 et
273 783 301 850 is
325 781 360 848 in
384 783 469 850 mari
493 784 689 853 morietur.“
740 782 773 853 0
808 784 978 852 licentiam
1002 779 1205 857 iocularem!

94 903 137 948 ne
162 882 235 972 ipae
266 879 709 972 inuidatg’uxfflodornm,
747 881 851 951 docet
892 881 1105 972 Chaldaeos,
1138 908 1208 975 quo

93 992 198 1071 pacto
233 1001 291 1046 eos
324 1000 493 1070 exponere
528 991 694 1072 percepta
725 991 891 1071 oporteat
943 982 1081 1067 Quaero
1108 987 1208 1070 euim,

94 1078 123 1147 si
156 1076 324 1145 Chaldaei
367 1080 415 1145 ita
456 1079 660 1167 loquantur,
699 1089 738 1147 ut
771 1081 967 1171 negationes
1004 1082 1209 1186 infinitorum

777 1163 1182 1199 m

94 1252 283 1310 divinationem
300 1257 386 1306 autem
412 1253 560 1321 improbare
582 1257 640 1309 nol·
665 1255 758 1319 ticola,
774 1255 847 1317 daut,
868 1254 894 1307 ia
911 1256 941 1309 in
960 1259 1032 1311 muri
1050 1276 1102 1314 nou
1114 1259 1211 1315 morie·

95 1326 143 1385 let,
161 1324 342 1376 necessitatem
358 1331 449 1376 minen
466 1325 570 1378 minime
580 1341 640 1393 pro-
665 1333 722 1378 tur.
740 1327 809 1390 Hoc,
824 1325 1048 1382 consentientibus
1063 1330 1149 1396 libris,
1168 1330 1213 1384 in·

95 1396 182 1456 haret,
200 1410 258 1445 enm
274 1393 355 1457 igitur
378 1394 464 1446 fucum
486 1396 575 1447 faeere
594 1410 641 1448 vo·
667 1395 805 1448 dioeudum
823 1395 930 1463 putavi3
948 1397 1012 1452 licet
1028 1399 1091 1453 mihi
1104 1407 1212 1466 praeter

95 1464 177 1517 lnisre
200 1462 340 1527 astrologis
365 1462 512 1530 ceterisque
533 1463 642 1526 divinis,
666 1464 783 1518 auctoris
799 1470 912 1517 mentem
926 1482 984 1519 esse
994 1466 1126 1522 videatur.
1143 1470 1211 1522 Deo.

96 1534 157 1586 dum
174 1531 278 1586 iubent
294 1549 340 1584 eos
357 1541 484 1602 percepta
497 1533 551 1602 alip
566 1533 642 1586 modo
703 1542 731 1587 et
744 1534 769 1586 io
789 1533 819 1584 in
843 1535 913 1586 mers·
933 1538 1089 1605 morietur]
1118 1539 1143 1591 ia
1160 1555 1213 1593 non

95 1601 286 1670 pronuntiare,
311 1617 387 1670 quam
416 1604 559 1657 solebant:
590 1617 641 1670 quo
669 1606 768 1670 piacet.
786 1611 832 1655 ant
851 1604 991 1659 delendum
1006 1614 1055 1670 est,
1069 1611 1214 1674 antlegeu·

94 1672 166 1725 tacto
183 1687 241 1724 eum
259 1671 443 1725 necessitatem
453 1673 535 1739 ipsam
547 1674 642 1725 toliere
669 1674 729 1725 dnm
747 1674 825 1724 idem.
844 1677 933 1739 paullo
946 1686 1005 1741 pest
1021 1684 1110 1730 tamen
1122 1680 1214 1733 eadem

95 1739 225 1803 voluisse,
256 1741 443 1795 divinationem
468 1751 569 1795 tenere.
604 1743 643 1793 At
668 1743 752 1795 forma
768 1744 870 1795 ertz‘et
880 1744 985 1808 febrem
1001 1746 1012 1797 i
1019 1765 1033 1797 r
1059 1765 1111 1800 nors
1125 1749 1213 1801 ludet.

96 1811 188 1863 eadem
205 1813 255 1864 hac
270 1812 373 1863 ratione
390 1813 502 1865 fallebat
519 1812 579 1864 ilios
600 1811 641 1863 di·
668 1812 736 1863 lira.
748 1842 779 1851 -
791 1811 865 1865 Nihil
883 1829 945 1877 ergo
956 1818 1116 1869 mumndurn.
1135 1821 1215 1872 Cete-

95 1879 181 1944 vinos‚
203 1898 262 1935 cum
287 1896 329 1944 ea,
354 1897 421 1949 qnae
447 1881 641 1949 praedicerent,
667 1897 723 1933 rum
741 1880 847 1933 additur
871 1880 899 1934 iu
917 1884 1002 1935 codd.
1026 1886 1106 1938 Vind.
1120 1888 1155 1938 A.
1170 1890 1214 1938 W.

96 1966 149 2004 nou
165 1950 275 2017 amplius
293 1951 443 2004 necessaria
462 1957 560 2014 esseut,
578 1966 641 2014 ergo
668 1951 700 2000 R.
710 1952 750 2001 M.
759 1952 795 2000 N.
805 1951 834 2001 S.
854 1951 938 2017 Copp.
955 1952 1041 2006 Viett.
1057 1955 1086 2006 lt.
1104 1972 1215 2021 pravum

7 2033 12 2040 ·
96 2018 177 2072 etiam
204 2037 247 2072 ars
269 2037 356 2073 eorum
381 2020 477 2083 inanis,
500 2020 541 2073 eui
566 2034 641 2073 nemo
667 2018 735 2071 illud
753 2036 805 2070 non
823 2028 882 2085 post
898 2020 977 2072 mur-i.
995 2023 1061 2075 Cod.
1077 2026 1216 2080 W.irabet

96 2089 229 2151 medem,
249 2089 346 2157 quippe
364 2089 501 2155 praedicta
517 2092 562 2143 vel
577 2105 641 2142 eve·
667 2089 790 2140 momtor.
815 2091 939 2155 Meyerns
961 2089 988 2141 in
1005 2107 1067 2144 anu.
1090 2093 1124 2146 ad
1143 2111 1214 2148 verr.

97 2159 157 2212 nire
179 2166 317 2226 poterant,
350 2162 395 2212 vel
412 2176 462 2211 uon
490 2165 642 2226 peierante
668 2160 758 2210 Germ.
777 2174 834 2211 cum
848 2158 890 2210 his
906 2157 1081 2212 ratiocinandi
1097 2164 1215 2217 formulis

98 2231 174 2284 Quae
190 2227 252 2281 mihi
269 2227 369 2292 magis,
392 2244 469 2299 quam
489 2226 643 2294 Hottingeri
668 2227 801 2280 commode
816 2235 950 2294 comparat
966 2245 1007 2291 ea,
1021 2246 1088 2298 quae
1106 2240 1168 2286 suut
1181 2233 1216 2285 de

97 2298 257 2354 ooniectnra.
275 2298 428 2363 probantur.
446 2327 477 2338 ·-
491 2301 564 2351 Ante
578 2317 643 2350 uae-
672 2296 761 2349 Diviu.
781 2298 805 2347 Ι.
819 2304 861 2350 18.
879 2298 934 2349 Mr.

97 2384 143 2420 roa
164 2367 191 2419 in
219 2368 285 2419 Cod.
307 2368 338 2417 R·
372 2366 488 2420 additum
514 2379 555 2422 est
578 2385 644 2428 ease,
704 2365 727 2417 0
752 2364 886 2418 licentium
911 2366 1088 2434 iurelurerrrl]
1113 2372 1218 2434 Laudat
1256 2435 1262 2441 ἢ

97 2435 218 2490 omissum
235 2442 296 2502 post
317 2453 374 2489 eam
392 2452 492 2490 vocem.
510 2440 553 2490 W.
564 2439 645 2491 labet
670 2442 787 2489 nostrum
811 2436 894 2487 locum
921 2434 1088 2489 Ruhnkenius
1112 2440 1146 2492 ad
1163 2443 1215 2493 Το-

98 2505 334 2560 ooneiotiouidue.
354 2508 408 2558 Μν.
670 2505 887 2557 rent.Andr.1v.
901 2510 929 2560 4.
945 2511 990 2561 dt.
1017 2506 1174 2562 Iocularium
1188 2514 1216 2566 in

133 2584 165 2629 ut
178 2577 190 2627 i
195 2583 230 2627 ta
242 2592 293 2627 rua
303 2583 432 2643 perceptu
440 2576 644 2643 proruatiente]
671 2577 768 2627 malurn
780 2573 897 2626 imeiena
908 2592 994 2643 poene
1006 2576 1104 2627 incidi.-
1119 2597 1145 2648 p.
1155 2589 1216 2636 ηε.

99 2648 145 2700 Ita
158 2644 221 2699 libri
236 2646 313 2696 MSS.
331 2647 365 2697 ad
375 2661 559 2708 nannetense,
569 2646 644 2698 item-
671 2646 715 2696 ed.
730 2646 825 2696 Bruur.
839 2661 865 2709 p.
877 2652 920 2699 75.
938 2645 983 2697 ed.
1001 2648 1130 2714 Selropeo.
1150 2650 1216 2704 Cod.

99 2733 151 2785 que
168 2714 237 2767 Edd.
256 2722 324 2767 vett.
351 2730 431 2781 usque
455 2715 489 2767 ad
507 2718 600 2776 aaut,
617 2714 644 2768 iu
671 2717 710 2766 M.
729 2712 836 2766 exhibet
853 2731 868 2766 o
885 2715 1037 2768 licentia.
1063 2718 1118 2770 Mr.

99 2785 173 2838 euius
202 2784 261 2846 ed„
291 2800 445 2850 operarum,
477 2790 507 2836 ut
529 2786 644 2848 videtur,
704 2782 808 2849 neipee
820 2783 924 2838 incidat
938 2786 966 2837 iu
983 2785 1148 2856 Diodorum]
1160 2787 1180 2841 i.
1190 2805 1217 2841 e.

100 2870 201 2918 errore,
209 2852 319 2919 irrepsit
334 2861 364 2906 ut
381 2853 415 2904 in
433 2870 484 2905 aaa
497 2862 550 2907 etc.
567 2857 645 2906 Hunc
670 2852 698 2905 in
716 2851 825 2907 Diodori
846 2855 975 2909 rationem
998 2862 1029 2908 et
1050 2857 1219 2922 sententiam,

99 2934 188 2980 nmen
215 2939 330 2976 errorem
366 2932 542 2990 propagarunt
574 2924 643 2976 Edd.
670 2930 855 2989 contraquam
872 2924 999 2990 disputat.
1024 2926 1090 2977 Em.
1115 2957 1147 2968 -
1173 2928 1219 2980 Ad

100 2994 212 3048 Lambb.
233 2995 314 3044 Goth.
335 2995 413 3045 Grnt.
442 2996 524 3045 Grou.
551 2997 644 3060 [quem
671 3008 726 3044 rem
743 2994 812 3044 cout'.
834 2994 877 3044 Βα
917 3002 953 3046 et.
976 2994 1011 3045 de
1028 2996 1174 3063 Chrysippo
1188 3013 1217 3064 p.

2 3108 4 3111 .
100 3062 209 3128 corrigit
238 3064 349 3115 Alteras
376 3062 404 3116 in
434 3063 485 3114 Ed.
516 3061 645 3130 Viudob.]
673 3063 1219 3118 12648ιῶ0ιΙ.Μ.8.Ιὶ.Ραι·.Ν.Ι..ι.

101 3135 184 3187 Veri).
206 3132 265 3211 [qui
286 3149 422 3198 perperam
442 3138 534 3185 narrat
550 3135 645 3184 Grute-
670 3146 704 3180 ne
718 3131 813 3196 ipsa,
836 3130 955 3185 nimirum
979 3138 1008 3183 ut
1031 3135 1166 3186 reseratur
1183 3134 1218 3187 ad

101 3221 157 3257 man
170 3202 284 3254 edidisse
300 3202 372 3270 itu5]
390 3201 454 3254 Em.
468 3199 529 3267 Bip.
544 3203 604 3253 Scb.
614 3230 643 3240 -
670 3198 813 3252 licentiam.
840 3198 1041 3265 Elegantissime
1057 3202 1160 3255 scilicet
1176 3209 1220 3256 est

102 3280 144 3328 De
178 3271 369 3338 permutatione
402 3270 553 3336 scriptionis
581 3287 646 3338 per-
671 3271 716 3323 vel
733 3266 813 3321 lectio
830 3273 875 3322 vel
897 3270 1028 3324 correctio
1045 3272 1112 3323 Cod.
1126 3274 1159 3324 R.
1176 3274 1219 3325 in-

102 3349 181 3411 eeptu
200 3349 229 3394 et
244 3351 473 3410 praeceptoquae
486 3341 534 3392 hoc
546 3355 646 3407 quoque
672 3338 746 3390 ridet
760 3337 789 3389 in
802 3339 907 3391 odiost
931 3340 1069 3391 deorum.
1093 3342 1148 3393 Mr.

102 3417 159 3468 loeo
179 3412 206 3465 in
223 3411 355 3465 nonnullis
374 3408 452 3463 libris
467 3409 579 3471 obtinet,
596 3425 647 3461 uon
707 3425 758 3476 pso
777 3414 858 3475 paeto
879 3426 922 3460 eor
937 3424 1075 3479 ⁸esrpooere
1091 3419 1218 3478 percepta

102 3487 174 3537 ultra
193 3480 361 3535 monebimus.
382 3481 436 3533 Mr.
673 3479 817 3546 monent]
827 3478 892 3531 cod.
902 3480 933 3529 L.
946 3479 1057 3544 efecto
1071 3495 1119 3544 pro
1127 3490 1217 3549 puoto.

138 3554 168 3604 Si
187 3552 247 3622 quir
272 3559 353 3603 autur
378 3557 418 3602 ort
442 3548 543 3601 oriente
568 3546 647 3600 Coni-
675 3549 849 3612 Gronsolus,
874 3554 905 3603 et
922 3546 1031 3608 invitus,
1049 3552 1079 3599 ut
1094 3566 1143 3614 ego
1162 3550 1220 3603 exi·

104 3622 185 3690 σὼ]
207 3621 315 3674 Codlt.
334 3619 432 3673 omittit
450 3626 500 3670 ert.
530 3618 601 3670 lolem
620 3619 648 3670 iu
674 3617 760 3679 ntimo,
776 3634 825 3668 nor
846 3633 895 3685 pro
914 3635 966 3669 eor.
991 3617 1078 3670 codd.
1102 3621 1131 3670 Β.
1154 3620 1219 3672 Par.

103 3692 247 3760 praecedd.
265 3688 531 3757 babetpronentietr
549 3695 649 3740 etcum
675 3690 768 3739 M.N.
793 3688 825 3739 R.
862 3694 1026 3755 perceptu
1057 3703 1219 3756 exponere

105 3762 190 3815 Codd.
207 3763 247 3812 Μ.
272 3761 333 3814 Par.
350 3768 379 3814 et
400 3761 428 3811 S.
452 3765 512 3825 post
528 3756 649 3811 curriculo
676 3764 806 3825 oportent.
830 3760 884 3811 Pro
898 3759 1040 3826 loquuntur
1054 3764 1097 3810 est
1110 3760 1219 3827 loquum

104 3830 182 3886 addit
198 3837 235 3881 et.
272 3833 325 3883 Pro
341 3831 433 3883 dieunt
458 3835 501 3881 est
516 3829 605 3881 dicent
622 3826 648 3879 iu
676 3835 723 3880 tar
738 3825 765 3879 in
785 3827 849 3879 Cod.
864 3830 927 3889 Cr.;
943 3826 1120 3896 loquenturin
1135 3829 1220 3881 codd.
1256 3840 1258 3844 ·

106 3902 192 3955 Codd.
209 3902 255 3951 Cr.
273 3902 342 3952 L.c.
361 3900 441 3952 Viud·
458 3900 491 3949 B.
510 3898 604 3963 Pergit
617 3898 649 3947 R.
677 3896 757 3950 vina.
767 3896 794 3948 h.
813 3898 856 3949 W.
869 3902 899 3960 et
915 3901 946 3950 Ι..
958 3915 1000 3959 e.;
1018 3899 1219 3965 loquerenturiu

106 3972 166 4024 Nou
186 3976 267 4021 nater
280 3971 349 4037 quir,
365 3965 467 4021 omissis
479 3968 569 4021 verbis
581 3975 607 4020 et
621 3973 651 4020 et
678 3965 762 4019 coda.
778 3967 856 4026 aar.
870 3968 938 4020 ets.
957 3967 1010 4019 Pro
1026 3966 1184 4035 negationes
1193 3968 1222 4021 iu

106 4049 161 4094 ert.-
178 4056 267 4095 vocent
284 4046 311 4090 rt
328 4037 452 4091 omittunt
469 4037 548 4091 etiam
564 4036 649 4090 codd.
678 4034 744 4088 Cod.
760 4038 793 4086 R.
810 4036 961 4119 negatione.
986 4037 1040 4087 Mr.

106 4113 146 4163 Μ.
159 4112 188 4162 S.
206 4107 285 4162 vind.
300 4109 335 4159 A.
353 4114 382 4160 et
400 4110 433 4158 B.
452 4109 506 4159 Mr.
711 4111 743 4156 ut
757 4114 913 4174 negationes
929 4105 1097 4173 infinitum
1112 4107 1220 4160 renisa·
1263 4151 1271 4162 ,

140 4181 177 4232 st
203 4181 228 4231 is
245 4178 274 4229 iar
293 4180 364 4231 neri
385 4177 523 4247 morietur]
542 4174 651 4229 Balliol.
677 4175 791 4228 otiorum
801 4176 904 4244 potior]
918 4175 1041 4244 infruitae
1058 4176 1221 4229 eoniusotio-

107 4252 173 4315 seg.
189 4258 218 4301 et
236 4249 349 4312 cantab.
366 4246 458 4302 addita
470 4245 581 4311 negandi
590 4261 652 4313 par·
677 4262 726 4298 ser
742 4252 813 4309 runt,
829 4261 896 4314 quae
908 4252 971 4313 post
987 4245 1093 4314 infinita
1104 4263 1221 4315 cosmae
